2029 3387
452 261 480 308 2
788 259 1098 308 CNUTONIS
1135 260 1317 309 REGlS
1355 261 1569 310 GESTA.

449 408 592 455 quam
609 393 810 454 pessime
824 394 869 439 in
884 393 1057 441 talibus
1071 410 1172 441 sese
1185 394 1397 442 humana
1412 398 1698 444 consuetudo
1712 397 1901 445 habeat.

455 458 621 505 Videns
646 460 764 505 enim
794 459 963 521 aliquis
983 462 1247 522 quempiam
1265 477 1353 522 pro
1375 464 1680 523 exprimenda
1702 466 1770 511 rei
1788 466 1903 511 veri-

447 530 543 572 tate
570 525 720 572 verbis
745 525 1057 588 induloentevu
1074 564 1086 587 ,
1120 542 1276 573 vanae
1310 527 1612 590 loquacitatis
1649 546 1750 576 eum
1777 547 1902 578 rnor-

447 592 631 638 claciter
664 591 926 653 redaryuit,
962 592 1106 639 alium
1145 609 1255 639 vero
1282 610 1414 655 quem
1443 595 1538 641 dixi
1563 595 1899 657 blasphemium

442 659 728 721 fuyientem³
766 662 810 704 et
845 675 996 721 aequo
1030 659 1361 707 modestiorem
1393 662 1438 706 in
1465 664 1759 725 narra-tione,
1794 681 1899 710 cum

445 729 611 786 operta
646 725 887 772 denudare
919 726 1109 787 debeat,
1144 730 1314 788 aperta
1350 727 1580 774 oculuisse
1614 728 1739 776 dicit.
1802 731 1901 777 Tali

443 793 586 853 iyitur
612 793 833 854 anqustia
869 794 1250 855 cffitcumseptusb,
1285 794 1345 840 ab
1380 794 1688 842 invidentibus
1721 796 1900 859 loquax

443 858 537 904 dici
560 860 716 920 timeo,
752 860 793 905 si
826 875 881 905 ne
885 859 1039 921 Jlecta
1066 864 1306 906 venustate
1331 860 1613 922 dictaminis,
1647 861 1897 910 historiam

439 926 703 986 scripturus
726 925 967 986 multiplici
990 927 1270 973 narratione
1295 943 1408 974 usus
1439 928 1590 983 fuera
1664 928 1895 985 Quoniam

439 1007 566 1052 vero,
594 993 703 1054 quin
729 994 992 1054 scripturus
1016 995 1120 1055 sim,
1147 993 1348 1040 evadere
1373 1010 1445 1039 me
1470 1010 1564 1040 non
1586 1010 1725 1055 posse
1746 996 1894 1057 video,

439 1073 583 1104 unum
608 1058 775 1105 horum
803 1075 924 1121 quae
946 1076 1215 1121 proponam
1251 1060 1511 1122 eliyendum
1546 1076 1645 1107 esse
1682 1067 1895 1123 autumo,

437 1125 613 1171 scilicet
646 1129 733 1172 aut
766 1128 913 1173 variis
946 1126 1128 1174 iudiciis
1163 1127 1402 1173 hominum
1430 1127 1689 1188 subiacere,
1728 1133 1812 1175 aut
1837 1129 1894 1176 de

435 1190 507 1238 his
532 1207 654 1253 quae
680 1191 791 1238 milii
811 1209 839 1239 a
861 1197 917 1253 te,
939 1193 1116 1240 domna
1137 1195 1317 1255 reyina,
1337 1198 1594 1254 praecepta
1613 1198 1736 1253 sunt,
1753 1211 1894 1256 prae-

436 1259 677 1318 cipientem
725 1259 1001 1321 neyliyetido
1050 1263 1401 1307 conticescerec.
1481 1260 1612 1307 Malo
1657 1263 1813 1323 itaque
1861 1279 1892 1309 a

435 1325 718 1401 quibusdam
758 1326 814 1372 de
849 1327 1136 1388 loquacitate
1173 1327 1426 1388 'Medatyuss
1469 1343 1611 1390 quam
1648 1329 1891 1375 veritatem

433 1393 640 1438 maxime
684 1393 1004 1441 memorabilis
1049 1395 1116 1440 rei
1159 1409 1244 1455 per
1285 1410 1357 1439 ine
1394 1394 1610 1441 erunibus
1644 1395 1890 1442 occultari.

436 1458 695 1518 Quocirca
746 1460 1127 1522 quandoquidem
1174 1460 1401 1506 iubentem
1448 1460 1691 1506 dominam.
1726 1477 1806 1507 ma
1810 1478 1890 1523 Jni

427 1525 660 1586 pendens,
696 1526 822 1572 lianc
855 1527 967 1573 milii
1000 1527 1115 1588 eleyi
1152 1528 1298 1587 viam,
1348 1527 1638 1573 excusabiles
1673 1527 1889 1590 deinceps

429 1594 707 1640 occasiones
734 1593 1038 1656 posthabens,
1073 1594 1179 1641 hinc
1214 1594 1512 1641 narrationis
1547 1596 1887 1641 contextionem

426 1660 624 1713 faciam.

821 1726 1104 1776 EXPLICIT
1143 1726 1492 1775 PROLOGUS.

782 1901 1008 1951 INCIPIT
1043 1901 1483 1950 ARGUMENTUM
1497 1901 1529 1950 ἃ.

524 1992 775 2068 Fortasse,
813 1995 841 2041 ὂ
869 1994 1051 2068 lector,
1091 1993 1335 2056 ambiges,
1370 2009 1552 2056 meque
1585 1992 1883 2057 scriptorem

425 2059 607 2106 er·r01is
638 2068 722 2107 aut
755 2061 980 2109 inscitiae
1018 2064 1311 2124 redargues,
1351 2076 1439 2106 cul
1474 2076 1522 2106 in
1556 2059 1703 2107 huius
1731 2061 1883 2109 libelli

424 2125 585 2189 capite
602 2135 742 2174 actus
758 2128 1031 2192 laudesque
1045 2128 1214 2176 Sueinl
1233 2127 1593 2174 strenuissimi⁰
1614 2127 1749 2190 regis
1769 2145 1880 2191 pro·

422 2193 781 2256 mulgaverim,
830 2212 942 2242 cum
988 2196 1035 2242 in
1081 2194 1417 2259 suprasclipta
1467 2193 1677 2258 epistola
1713 2193 1880 2257 ipsum

423 2259 713 2309 codicellum
765 2263 896 2310 laudi
942 2263 1088 2311 huius
1137 2262 1366 2310 dominae
1403 2277 1484 2307 me
1522 2262 1878 2324 spoponderim

420 2327 681 2375 factm-‚um
754 2330 894 2386 Quod
931 2329 997 2376 ita
1035 2346 1150 2377 esse
1186 2330 1294 2403 ipse
1329 2328 1568 2387 fatebe1e,
1606 2344 1789 2403 meque
1816 2331 1876 2377 ab

420 2393 527 2441 eius
572 2394 798 2444 laudibus
837 2413 1084 2459 nusquam
1124 2395 1338 2470 accipies
1375 2395 1600 2455 deviar,e
1639 2394 1680 2441 si
1716 2396 1875 2459 piima

418 2461 612 2523 mediis,
640 2470 787 2525 atque
810 2463 850 2510 si
874 2464 1053 2510 extima
1078 2463 1247 2527 sagaci
1268 2477 1407 2508 more
1430 2462 1658 2508 conferas
1685 2462 1874 2525 primis.

415 2529 576 2591 Atque
614 2536 664 2576 ut
691 2532 749 2576 ad
777 2531 873 2577 hoc
899 2531 1188 2577 intuendum
1218 2529 1347 2576 nulla
1378 2529 1559 2575 errmis
1587 2528 1874 2592 impediaris

417 2595 614 2657 nebula,
653 2613 678 2642 a
718 2597 959 2645 similibus
998 2605 1146 2661 atque
1185 2614 1211 2644 a
1249 2595 1445 2660 penitus
1486 2595 1616 2642 veris
1656 2597 1751 2643 hoc
1790 2597 1872 2645 tibi

414 2661 603 2709 habeas
630 2663 903 2713 theorema.
972 2665 1209 2727 Aeneida,
1236 2663 1570 2726 conscriptam
1598 2679 1624 2709 a
1653 2663 1873 2727 Virgilio,

413 2755 446 2793 a)
476 2752 656 2796 sugentem
688 2752 718 2786 1.
820 2755 853 2800 b)
881 2754 1138 2799 circumceplus
1171 2755 1202 2789 1.
1310 2752 1338 2799 c)
1367 2753 1602 2787 coum-essere
1628 2751 1663 2792 ⁷1.
1768 2752 1800 2798 d)
1829 2752 1872 2788 E·

412 2799 452 2834 P.
482 2799 507 2834 l.
535 2799 580 2835 A.
609 2803 733 2836 desunt
762 2801 792 2836 1.
894 2806 926 2848 e)
954 2806 1001 2839 ila
1029 2805 1162 2847 codes;
1188 2805 1323 2838 minime
1351 2801 1565 2836 serenissimi
1592 2803 1630 2836 ut
1655 2802 1749 2836 editi.
