2044 3418
291 335 599 384 CNUTONlS
639 334 820 383 REGlS
856 335 1072 383 GESTA.
1119 334 1297 382 LlBER
1338 335 1410 381 lll.
1513 337 1573 383 37

126 476 270 517 nocte
310 473 484 517 eodem
533 471 914 517 Hardecnutone
962 469 1007 514 in
1061 475 1214 515 stratu
1266 468 1697 532 quiescente,1039.

125 536 354 583 divinitus
393 540 634 601 quaedam
670 537 946 584 ostenditur
971 535 1111 598 visio,
1149 552 1275 599 quae
1311 552 1424 582 eum
1462 551 1574 582 con-

125 604 313 651 fortans
354 611 401 650 et
437 604 702 651 consolans
737 603 846 650 sorti
873 604 1006 650 iubet
1030 618 1144 650 esse
1172 603 1350 649 animo.
1403 604 1574 649 Horta-

123 676 203 716 tur
229 677 458 734 preterea
480 687 540 718 ne
562 674 621 718 ab
644 671 839 734 incepto
860 670 1142 731 desisteret,
1169 670 1279 733 quia
1305 686 1573 733 paucorum

123 738 314 784 dierum
366 738 623 785 intervallo
663 738 873 785 iniustus
911 736 1052 800 regni
1090 737 1294 783 invasor.
1333 737 1576 784 Haroldus

125 804 314 851 scilicet
357 805 622 867 occideret,
669 812 717 851 et
751 820 961 867 regnum
999 803 1167 867 patriis
1204 804 1388 851 viribus
1426 803 1577 849 domi·

124 877 228 917 tum
267 871 356 918 sibi
392 871 520 919 iusto
558 871 728 918 heredi
766 871 1038 918 iustissima
1076 871 1400 918 successione
1448 871 1576 917 inco-

125 938 255 984 lume
283 939 479 986 rediret.
1090 936 1096 946 ’

229 1007 301 1053 10.
359 1005 611 1068 Evigilans
658 1004 806 1067 igitur
853 1004 1126 1051 somniator
1172 1004 1350 1051 talibus
1393 1003 1575 1050 inditiis

126 1072 307 1118 certior
342 1071 411 1133 fit,
450 1078 496 1118 et
531 1072 634 1118 Deo
672 1071 996 1135 omnipotenti
1028 1079 1191 1118 tantae
1220 1070 1574 1118 consolationis

124 1153 274 1185 causa
309 1138 495 1202 gratias
531 1138 767 1185 reddidita
815 1139 1061 1201 simulque
1098 1140 1257 1184 futura
1293 1138 1575 1184 nullatenus

122 1205 325 1267 dubitat,
352 1222 479 1268 quae
507 1206 597 1252 sibi
625 1212 900 1251 memorata
927 1205 1052 1252 visio
1089 1205 1382 1268 predixerat.
1431 1205 1577 1251 Deni-

122 1287 218 1336 que
256 1272 407 1319 maris
446 1272 515 1318 ira
556 1279 728 1335 pacata
768 1272 1000 1335 omnique
1045 1278 1347 1335 tempestate
1387 1273 1577 1333 sedata,

122 1339 377 1403 prosperis
403 1337 599 1386 flatibus
638 1339 776 1386 sinus
815 1339 979 1402 pandit
1017 1339 1264 1400 velorum,
1303 1339 1474 1401 sicque
1502 1354 1578 1384 se-

123 1408 282 1453 cundo
320 1422 442 1453 usus
491 1422 666 1467 cursu,
719 1408 776 1452 ad
825 1407 1137 1468 Brugensem
1184 1422 1299 1452 sese
1343 1405 1579 1469 applicuit

122 1479 335 1536 portum.
407 1473 494 1519 Hic
541 1473 772 1520 anchoris
818 1475 1117 1536 rudibusque
1168 1473 1372 1519 navibus
1417 1470 1577 1518 affixis

122 1547 172 1587 et
205 1539 367 1586 nautis
406 1539 484 1603 qui
525 1555 611 1586 eas
650 1547 909 1586 servarent
946 1539 1207 1602 expeditis,
1243 1546 1376 1585 recta
1415 1555 1471 1586 se
1499 1539 1575 1585 via

122 1622 235 1653 cum
261 1607 466 1654 delectis
494 1609 551 1652 ad
568 1607 846 1670 hospicium
863 1606 1228 1669 dirigitmatris.
1266 1606 1436 1663 Qualis
1455 1622 1574 1669 ergo

122 1689 290 1720 meror
315 1673 573 1737 qualisque
600 1674 753 1720 letitia
780 1674 827 1720 in
859 1674 962 1721 eius
985 1675 1199 1720 adventu
1220 1673 1365 1720 fuerit
1388 1680 1576 1733 exorta,

121 1741 256 1787 nulla
292 1740 378 1788 tibi
416 1757 650 1804 umquam
688 1740 951 1804 explicabit
982 1740 1180 1804 pagina.
1246 1741 1397 1787 Dolor
1446 1740 1575 1786 haud

121 1808 345 1854 modicus
372 1808 662 1869 habebatur,
707 1810 821 1854 dum
862 1807 907 1854 in
942 1808 1075 1854 vultu
1118 1807 1223 1854 eius
1262 1807 1440 1853 faciem
1467 1823 1577 1870 per-

123 1875 309 1938 emptib
336 1881 497 1921 mater
518 1877 728 1938 quadam
752 1874 1105 1938 imaginatione
1129 1874 1575 1936 contemplaretur,

120 1941 239 1989 item
266 1942 445 2004 gaudio
474 1958 657 2005 magno
685 1944 948 2004 gaudebat,
987 1943 1100 1987 dum
1131 1942 1453 2000 superstitem
1483 1941 1577 1987 sal-

120 2024 237 2055 vum
254 2009 436 2056 adesse
453 2009 542 2055 sibi
561 2009 768 2055 videbat.
804 2009 942 2055 Unde.
968 2008 1161 2055 viscera
1177 2008 1371 2054 divinae
1388 2007 1578 2054 miseri-

123 2075 321 2122 cordiae
356 2092 410 2122 se
448 2075 637 2123 sciebat
676 2075 945 2138 respicere,
985 2091 1096 2121 cum
1125 2076 1343 2121 nondum
1371 2075 1455 2121 tali
1481 2075 1578 2121 fru-

122 2149 366 2190 straretm·
391 2143 650 2190 solamine.
700 2143 801 2190 Nec
835 2143 985 2205 longe
1013 2149 1125 2206 post
1151 2141 1249 2188 filio
1278 2158 1390 2189 cum
1418 2149 1576 2188 matre

123 2216 349 2256 morante
372 2216 744 2257 etmemoratae
764 2209 969 2257 visionis
991 2209 1240 2273 promissa
1263 2215 1577 2272 expectante,

122 2276 276 2323 nuntii
311 2276 409 2323 leta
445 2277 665 2324 ferentes
704 2277 873 2323 nuntia
911 2278 1196 2339 adventant,
1235 2277 1314 2340 qui
1349 2276 1577 2323 videlicet

119 2343 388 2390 Haroldum
424 2351 674 2391 mortuum
714 2343 1005 2404 nuntiant32,
1044 2343 1124 2407 qui
1159 2343 1308 2390 etiam
1336 2343 1697 2405 referunt,Mar1.

118 2410 354 2473 Anglicos
394 2410 438 2457 ei
473 2411 720 2475 principes
749 2411 878 2458 nolle
905 2411 1176 2473 adversari,
1213 2412 1301 2458 sed
1328 2406 1649 2457 multimo-17·

122 2477 195 2524 dis
222 2477 588 2525 iubilationibus
617 2478 706 2525 sibi
735 2477 999 2536 conletari,
1036 2479 1166 2524 unde
1192 2493 1403 2541 regnum
1432 2477 1576 2524 here-

121 2544 294 2591 ditario
323 2546 426 2591 iure
453 2545 543 2593 sibi
570 2546 788 2592 debitum
817 2561 912 2591 non
940 2544 1237 2608 dedignetur
1261 2550 1491 2608 repetere
1528 2550 1577 2591 et

122 2627 244 2658 suae
265 2611 488 2675 dignitati
511 2628 783 2677 eorumque
811 2612 955 2660 saluti
983 2611 1116 2658 iuxta
1142 2611 1188 2658 in
1216 2611 1437 2659 medium
1464 2627 1577 2658 con-

123 2678 304 2725 sulere.

123 2783 156 2823 a)
184 2791 401 2826 emensoque
430 2781 515 2815 mari
543 2783 586 2816 ad
616 2788 760 2816 matrem
789 2781 951 2827 pervenit
977 2781 1166 2826 eidemque
1182 2781 1293 2815 visum
1308 2781 1464 2827 exponit.
1504 2778 1578 2815 Nec

122 2829 225 2874 longe
254 2836 331 2874 post
357 2830 476 2864 nuncii
503 2830 570 2864 leta
598 2832 720 2865 mediis
746 2833 883 2865 omissis
907 2830 943 2864 2.
1046 2831 1080 2875 b)
1109 2830 1224 2864 fratris
1252 2831 1350 2865 addit
1374 2829 1409 2864 2.

121 2889 188 2942 3⁸2)
223 2890 272 2928 cf.
305 2890 450 2929 Adaini
484 2891 714 2931 Bromensis
747 2891 772 2930 l.
806 2891 852 2932 ll.
886 2904 918 2931 e.
951 2892 1015 2932 72.
1051 2903 1142 2942 pag.
1177 2891 1270 2933 33⁰2.
