2044 3418
758 269 1117 316 PRAEFATIO.
1594 271 1656 305 ΠΙ

202 408 459 453 centiorum
497 403 708 450 nonnulli
737 403 956 465 partibus
980 407 1131 450 textus
1156 404 1341 450 omissis
1367 409 1650 452 momentum

201 471 398 534 aliquod
420 473 568 517 inesse
594 472 778 531 opinati
801 470 922 530 sunt,
949 469 1078 516 nulla
1104 471 1290 517 ratione
1323 472 1499 532 nititur,
1537 472 1649 518 dum

200 543 372 584 auctor
405 541 565 598 aperte
602 553 650 583 se
686 537 919 597 Exceipta
955 537 1158 583 scribere
1190 539 1449 597 profitetur.
1513 538 1650 595 Quod

199 620 342 650 unum
384 604 854 650 animadvertendum
893 619 1081 663 censeo,
1118 607 1228 649 sunt
1258 603 1408 650 lineae
1444 607 1650 666 excerpti

196 671 404 730 ultimae,
452 671 618 730 quibus
660 674 804 731 patet,
841 674 1157 731 excerptorem
1203 685 1260 715 ex
1294 671 1503 716 secunda
1540 671 1648 718 libri

195 737 407 783 editione
435 736 673 799 bucusque
697 739 875 798 iynota,
910 736 1154 795 liausisse5
1193 737 1303 782 (lum
1330 738 1448 782 enim
1477 742 1646 784 auctor

193 803 312 850 libro
339 819 424 849 suo
448 805 653 864 primum
693 805 736 849 in
773 802 977 849 adventu
1003 802 1222 849 Eduardi
1253 804 1300 848 in
1323 802 1558 865 moytiam,
1596 805 1646 851 id

192 874 261 916 est
285 886 411 915 anno
444 872 583 930 1041,
608 874 743 926 linem
769 871 1003 930 imposuit,
1029 868 1338 916 Hardecnuto
1360 871 1548 917 a.1042
1571 871 1644 917 die

191 939 235 983 8.
272 936 392 982 Iunii
428 936 664 997 defuncto,
709 936 861 982 denuo
898 936 1069 981 ultimis
1105 935 1212 981 libri
1245 935 1374 982 lineis
1408 938 1560 984 erasis
1595 939 1643 984 in

189 1017 350 1049 eorum
377 1002 479 1048 Ioco
509 1003 724 1049 Eduardi
747 1004 1031 1049 successoris
1055 1001 1223 1048 laudes
1246 1003 1493 1048 substituit.

286 1069 415 1114 Libri
439 1071 643 1129 scriptor
666 1085 714 1116 se
738 1069 1020 1115 monachum
1037 1068 1203 1114 Sancti
1218 1069 1396 1115 Bertini
1417 1074 1461 1115 et
1473 1069 1640 1117 Sancti

185 1133 450 1181 Auclomari
484 1138 630 1189 fuisse
664 1138 922 1196 profitetur.
992 1135 1171 1182 Nomen
1210 1137 1307 1181 eius
1343 1135 1457 1182 latet
1468 1154 1486 1195 >⁹
1523 1153 1635 1183 num

185 1217 242 1247 esc
260 1200 516 1262 Anylorum
543 1207 675 1263 yente
699 1203 853 1262 fuerit,
881 1203 1124 1249 nescimus.
1166 1200 1344 1263 Anylos
1364 1204 1634 1262 patrissan-

184 1272 252 1314 tes
291 1268 572 1329 aliquotiens
612 1268 794 1328 scribit,
841 1268 968 1331 quod
1004 1273 1160 1314 tamen
1193 1267 1267 1315 lu'c
1303 1268 1430 1314 trahi
1463 1272 1632 1331 nequit.

185 1334 442 1381 Cautonem
491 1352 644 1397 reyem
693 1350 819 1381 anno
871 1336 995 1382 1026
1029 1334 1231 1380 Romam
1275 1339 1542 1396 peryentem
1586 1338 1632 1383 in

182 1403 475 1448 monasterio
512 1418 598 1448 suo
636 1401 957 1462 eleemosynas
991 1406 1033 1447 et
1057 1402 1313 1461 maynifica
1340 1401 1469 1448 dona
1494 1418 1631 1463 spar-

181 1472 364 1529 yentem
392 1468 517 1529 vidit,
557 1469 709 1530 illique
746 1472 787 1514 et
815 1468 1011 1514 Emmae
1037 1468 1245 1528 remitae,
1281 1469 1412 1514 cuius
1442 1484 1628 1516 servum

180 1550 230 1580 se
257 1539 399 1581 vocat
420 1538 584 1597 cuique
609 1534 729 1581 exuli
748 1534 1023 1581 adhaesisse
1042 1534 1237 1595 videtur,
1256 1535 1410 1580 intime
1430 1534 1628 1598 deditus,

179 1603 286 1662 ipsa
303 1602 574 1662 postulante
595 1617 710 1662 opus
730 1602 776 1647 in
796 1601 985 1647 laudem
1005 1616 1168 1647 eorum
1189 1602 1480 1662 conscripsit.
1526 1602 1626 1660 Ouo

179 1667 364 1729 quidem
390 1667 524 1714 haud
544 1684 703 1729 pauca
728 1669 848 1714 scitu
885 1667 1029 1729 diyna
1065 1669 1293 1727 exposuit,
1330 1667 1430 1714 alia
1466 1672 1626 1715 tamen

177 1735 362 1780 reticuit
386 1740 472 1780 aut
495 1739 591 1781 tam
618 1735 849 1781 succincte
874 1734 1041 1794 retulit,
1075 1737 1127 1779 ut
1149 1733 1330 1780 titulum
1370 1750 1400 1780 a
1428 1734 1624 1782 Cliesnio

173 1802 330 1861 primo
357 1801 536 1848 editore
561 1803 602 1847 ei
626 1802 907 1863 impositum,
948 1799 1229 1847 encomium
1256 1800 1490 1862 Emmae,
1527 1817 1624 1848 non

175 1882 365 1914 summo
400 1869 501 1914 iure
534 1867 729 1914 inditum
770 1884 869 1914 esse
903 1883 1038 1914 nemo
1070 1869 1426 1914 asseveraverit.
1482 1868 1626 1915 Nolui

175 1937 334 1980 tamen
367 1934 438 1980 vel
472 1935 670 1981 alterum
709 1936 917 1995 reticere,
954 1934 1013 1981 ab
1041 1935 1238 1996 antiqua
1266 1934 1623 1982 Cantuariensis

174 2000 398 2046 monachi
422 2017 567 2047 manu
592 2000 743 2047 codici
765 2002 1054 2062 inscriptum,
1080 2016 1221 2062 quum
1244 2000 1466 2047 Cnutonis
1485 2007 1621 2063 qesta

168 2068 483 2128 praecipuam
520 2068 686 2114 saltem
724 2069 880 2128 operis
907 2071 1094 2129 partem
1132 2071 1372 2128 occupent.
1431 2067 1620 2130 Emma,

169 2133 400 2180 Richardi
424 2133 557 2181 ducis
580 2133 908 2181 Normanniae
930 2133 1043 2194 filia,
1077 2134 1245 2195 primis
1268 2135 1441 2194 nuptiis
1466 2134 1620 2181 Ethel-

170 2199 287 2246 redo
300 2199 359 2246 II.
375 2199 631 2262 Anylorum
652 2203 752 2262 reyi
772 2203 930 2247 iuncta
948 2201 1067 2256 filios
1085 2199 1353 2256 Aelfredum
1374 2205 1419 2247 et
1430 2200 1619 2248 Eduar-

170 2266 282 2313 dum
306 2272 652 2329 prossenuerat5
688 2268 816 2329 quod
840 2284 973 2314 nemo
997 2266 1139 2323 facile
1164 2268 1502 2329 suspicaretur,
1541 2270 1621 2330 qui

128 2381 132 2384 ,
170 2349 276 2380 eam
314 2335 538 2395 vi1·yineiri
578 2334 776 2380 Cnutoni
812 2349 982 2380 manus
1018 2333 1200 2380 dedisse
1237 2334 1369 2394 apud
1402 2338 1617 2381 nostrum

168 2399 343 2462 leqerit.
390 2401 490 2458 Ouo
518 2400 658 2447 modo
679 2405 723 2447 et
743 2401 868 2447 aliae
887 2416 961 2447 res
980 2402 1143 2462 mctqni
1161 2402 1207 2446 in
1225 2399 1423 2447 historia
1449 2405 1618 2448 nostra

169 2468 392 2513 momenti
427 2472 512 2513 aut
547 2467 728 2515 silentio
764 2471 982 2530 teyuntur
1019 2471 1104 2513 aut
1139 2467 1225 2513 levi
1260 2471 1441 2513 tantum
1469 2467 1615 2528 dissito

169 2537 327 2579 tactae
367 2538 478 2580 ante
503 2534 663 2580 oculos
682 2538 942 2596 ponuntur,
975 2537 1228 2596 postquam
1265 2534 1312 2579 in
1344 2533 1546 2595 proloyo
1573 2539 1617 2581 et

169 2604 449 2660 argumento
487 2602 764 2662 scriptorem
800 2602 921 2647 iusto
959 2600 1273 2647 verbosiorem
1308 2604 1350 2645 et
1375 2600 1615 2662 turyidum

167 2667 346 2726 experti
380 2668 641 2720 fueramus.
704 2668 835 2725 Quae
875 2683 1014 2729 qutun
1051 2668 1117 2713 ita
1155 2668 1260 2726 sint,
1298 2666 1494 2714 lectores
1529 2684 1614 2714 nec

168 2732 392 2779 Cnutonis
428 2749 512 2780 nec
552 2734 747 2780 Emnme
786 2735 1018 2795 inqenium
1057 2738 1102 2780 et
1134 2749 1207 2780 res
1241 2737 1401 2795 qestas
1437 2735 1613 2795 scripto

165 2803 328 2846 nostro
351 2799 548 2860 pleniter
574 2805 615 2847 et
640 2802 757 2847 iuste
783 2801 951 2862 exponi
975 2800 1063 2847 sibi
1083 2798 1461 2863 persuadebuut5
1487 2801 1615 2864 quod
