2029 3387
309 471 396 503 1012.

416 326 445 371 6
609 318 922 370 CNUTONIS
960 319 1142 367 REGIS
1180 318 1396 367 GESTA.
1431 319 1613 368 LIBER
1649 320 1682 367 1.

515 458 558 503 2.
608 455 676 502 lta
698 453 848 500 etiam
870 451 1090 516 prelibati
1114 452 1247 515 regis
1270 452 1500 501 militibus
1524 470 1635 500 cum
1663 454 1709 500 in
1738 469 1869 500 com-

415 522 606 587 positae
627 521 764 585 pacis
786 519 1104 566 diuturnitate
1126 525 1299 565 cuncta
1318 520 1593 567 cessissent
1610 536 1869 584 prospere,

411 590 554 636 firma
583 589 657 635 sui
684 604 772 651 pro
799 584 1073 633 benefactis
1100 585 1283 632 domini
1310 586 1447 633 fretis
1476 587 1759 650 stabilitate,
1787 603 1868 634 ea-

411 659 525 703 dem
553 655 646 719 ipsi
672 653 875 717 agitanti
903 651 1087 715 placuit
1122 654 1353 715 suadere,
1386 659 1571 700 terram
1605 654 1866 717 Anglicam

410 723 689 769 invadendo
728 727 862 767 sorte
900 719 1075 766 bellica
1113 719 1305 782 imperii
1343 719 1419 766 sui
1447 718 1625 767 finibus
1653 721 1865 767 adicere.

412 790 451 835 T
448 788 636 849 urchil5,
672 786 915 850 inquiunt,
934 787 1156 847 princeps
1181 786 1381 832 miliciae
1406 790 1530 847 tuae,
1558 786 1743 833 domiue
1769 803 1867 848 rex,

408 857 594 903 licentia
623 871 651 901 a
679 859 721 900 te
747 857 942 913 accepta
969 853 1098 912 abiit,
1134 856 1183 897 ut
1204 854 1406 907 fratrem
1432 868 1569 898 suum
1595 854 1705 899 inibi
1728 855 1868 900 inler-

407 925 581 978 fectum
617 921 939 980 ulcisceretur,
976 922 1018 964 et
1050 934 1278 979 maynam
1311 923 1497 979 partem
1533 921 1764 967 exercitus
1801 922 1868 966 tui

409 988 651 1036 abducens
687 988 849 1034 vicisse
882 1001 930 1032 se
964 985 1157 1047 yaudet,
1195 989 1239 1031 et
1262 1000 1386 1031 nunc
1411 985 1728 1032 meridianam
1751 1002 1867 1046 par-

408 1060 497 1103 tem
516 1055 791 1116 provinciae
813 1054 960 1099 victor
980 1051 1167 1111 obtinet,
1195 1068 1254 1098 ac
1274 1051 1456 1098 mavult
1478 1052 1540 1098 ibi
1564 1052 1672 1098 exul
1695 1052 1867 1114 deyens

409 1123 681 1183 amicusque
707 1122 867 1176 factus
893 1117 1169 1180 Anylorum,
1201 1133 1318 1180 quos
1343 1122 1426 1164 tua
1447 1134 1593 1165 manu
1619 1120 1739 1180 vicit,
1763 1119 1864 1181 ylo-

408 1190 542 1249 riari,
570 1203 713 1250 quam
735 1186 987 1233 exercitum
1007 1184 1236 1231 reducens
1261 1185 1341 1231 tibi
1364 1184 1503 1231 subdi
1526 1186 1697 1248 tibique
1723 1187 1864 1233 victo-

407 1257 532 1302 riam
554 1254 742 1301 ascribi.
789 1253 847 1299 Et
865 1268 988 1298 nuuc
1003 1251 1298 1308 fraudamur
1315 1253 1456 1298 sociis
1475 1256 1519 1297 et
1537 1252 1864 1315 quadrayinta

404 1321 653 1383 puppibus,
682 1336 802 1382 quas
821 1335 976 1366 secum
998 1318 1130 1364 duxit
1150 1322 1349 1365 onustas
1369 1318 1425 1364 de
1444 1318 1695 1365 Danorum
1722 1319 1864 1366 bella-

405 1390 587 1435 toribus
607 1389 788 1449 primis.
835 1386 942 1432 Non
967 1389 1064 1431 tam
1090 1401 1237 1446 yrave
1263 1384 1483 1431 dominus
1516 1389 1676 1432 noster
1702 1387 1863 1447 palia-

405 1460 483 1502 την
508 1454 818 1515 dispendium,
844 1452 929 1499 sed
953 1452 1116 1498 abiens
1140 1452 1396 1512 cupientem
1426 1451 1572 1498 ducat
1595 1454 1863 1513 exercitum,

405 1527 448 1569 et
467 1521 532 1568 illi
549 1522 585 1567 T
584 1520 734 1567 urchil
751 1524 1076 1566 contumacem
1099 1518 1403 1580 adquiremus
1422 1534 1526 1564 cum
1542 1519 1639 1564 suis
1654 1518 1864 1575 satelliti-

405 1590 506 1648 bus,
543 1589 608 1634 eis
642 1602 824 1649 quoque
853 1585 1101 1642 federatos
1125 1583 1300 1646 Auylos
1327 1600 1431 1630 cum
1459 1585 1674 1632 omuibus
1700 1601 1863 1632 eorum

400 1654 793 1716 possessionibus.
838 1653 1024 1699 Scimus
1037 1653 1156 1698 enim
1172 1652 1249 1698 diu
1264 1667 1344 1698 eos
1358 1666 1452 1697 non
1469 1666 1608 1711 posse
1628 1654 1859 1712 resistere,

402 1723 515 1785 quia
552 1725 791 1767 nostrates
825 1721 912 1766 viri
941 1719 1007 1765 ad
1043 1734 1130 1765 nos
1164 1718 1432 1765 transibunt
1454 1717 1610 1772 facile.
1662 1718 1799 1777 Quod
1822 1720 1864 1766 si

404 1805 484 1835 eos
519 1788 630 1834 velle
666 1788 938 1848 contiqerit,
978 1801 1061 1831 rea:
1098 1785 1207 1831 duci
1240 1800 1327 1831 suo
1363 1784 1607 1846 Danisque
1639 1801 1861 1846 parcens,

401 1872 484 1902 eos
519 1854 778 1902 honoribus
814 1853 1076 1914 ‹zuzpliabiffi
1148 1851 1201 1898 Si
1237 1855 1392 1897 (tutem
1429 1850 1676 1912 noluerint,
1725 1868 1858 1914 quem

402 1923 656 1984 despexere
690 1923 886 1967 sentient
899 1938 916 1978 ,-
965 1921 1058 1966 hac
1093 1919 1265 1981 illaque
1298 1919 1462 1980 patria
1494 1919 1693 1980 privati,
1741 1920 1861 1965 inter

398 1991 582 2051 primos
607 1987 765 2034 hostes
790 1988 914 2049 reyis
936 2002 1088 2047 penas
1113 1986 1250 2033 luent.

504 2058 546 2103 3.
582 2054 738 2101 Huius
761 2054 830 2100 rei
846 2052 1240 2100 adhortationem
1257 2067 1343 2098 rex
1361 2050 1438 2098 ubi
1454 2050 1621 2113 audiit,
1642 2050 1857 2115 primum

402 2138 576 2169 secum
599 2121 766 2168 mirari
788 2137 885 2166 non
907 2119 1224 2166 mediocriter
1243 2118 1422 2182 coepit,
1449 2117 1563 2180 quia
1583 2119 1711 2181 quod
1734 2118 1859 2182 ipsi*

402 2189 482 2235 diu
522 2188 853 2235 dissimulanti
891 2187 1169 2250 celantique
1196 2186 1244 2232 in
1271 2192 1494 2231 mentem
1520 2192 1744 2247 venerat,
1783 2185 1856 2232 iti-

401 2258 514 2303 dem
546 2256 779 2303 militibus
807 2254 1159 2317 cogitationem
1189 2253 1293 2299 eius
1321 2251 1661 2315 ignorantibus
1691 2252 1855 2299 animo

401 2325 612 2370 sederat.
671 2322 925 2369 Accersito
961 2321 1126 2384 itaque
1155 2322 1380 2369 Cnutone
1408 2318 1505 2365 filio
1534 2334 1622 2364 suo
1649 2319 1856 2381 maiore,

400 2390 513 2454 quid
537 2389 625 2437 sibi
649 2406 801 2453 super
821 2390 916 2435 hoc
938 2388 1121 2451 negotii
1143 2387 1409 2449 videretur,
1431 2388 1574 2432 orsus
1599 2393 1675 2432 est
1700 2386 1855 2450 inqui-

400 2474 525 2504 rere.
575 2457 844 2520 Inquisitus
879 2462 1046 2502 autem
1074 2455 1158 2501 ille
1186 2471 1214 2501 a
1239 2460 1398 2517 patre,
1430 2459 1661 2499 metuens
1691 2469 1753 2499 ne
1780 2469 1854 2500 re-

400 2526 744 2588 dargueretur,
783 2524 821 2571 si
850 2522 1028 2586 placito
1058 2529 1227 2568 contra
1254 2521 1362 2583 iret,
1397 2527 1547 2582 tegna
1576 2520 1854 2582 socordiae,

398 2627 430 2672 a)
457 2630 507 2661 ila
536 2626 567 2661 1.

398 2700 436 2752 5)
471 2698 639 2738 'l'urchil
672 2712 722 2738 ex
753 2711 901 2738 sorore
923 2697 1062 2736 Sueini
1092 2702 1132 2737 et
1161 2696 1404 2750 Styrbitirno
1430 2693 1516 2733 filio
1539 2693 1659 2733 Olavi
1681 2693 1856 2734 Sueciae

399 2755 507 2805 regis
539 2759 781 2807 prognatus,
821 2753 1002 2793 Astrithe
1033 2752 1172 2792 Sueini
1206 2752 1292 2791 filia
1324 2750 1524 2789 Cnutonis
1555 2762 1701 2788 sorore
1732 2749 1854 2788 ducta

400 2809 471 2848 Ulf
507 2809 700 2849 comitem
743 2810 903 2862 genuit,
952 2809 1068 2848 cuius
1120 2808 1228 2848 filius
1278 2807 1416 2846 Suend
1463 2805 1696 2845 Estrithson
1737 2804 1856 2843 annis

404 2865 678 2907 1047—1076
707 2865 882 2905 Daniam
915 2865 1030 2905 rexit.
