2044 3418
1571 340 1592 348 -v

309 339 622 387 CM‘TONJS
663 339 840 386 REGlS
879 339 1092 385 GESTA.
1131 338 1307 384 LlBER
1351 339 1380 384 l.
1567 353 1597 385 o

149 473 302 521 Huius
341 472 411 519 rei
449 471 606 534 gratia
645 471 1030 534 congrediuntur
1066 471 1111 516 in
1148 470 1358 534 praelio,
1406 469 1452 514 in
1499 484 1595 532 quo

147 539 435 586 vulneratus
477 540 776 602 l'ugatusque
815 546 977 601 pater,
1024 539 1081 584 ad
1119 537 1325 584 Selavos
1363 536 1509 597 fugit,
1548 542 1597 581 et

146 622 243 652 non
294 606 448 652 multo
496 613 608 669 post
653 605 715 652 ibi
755 603 929 665 obiit⁴,
978 611 1026 650 et
1067 604 1218 651 Suein
1265 604 1370 648 eius
1417 603 1594 649 solium

145 673 310 736 quiete
337 672 507 719 tenuit.
558 673 718 728 Quam
747 679 949 718 strenue
978 687 1094 717 vero
1123 672 1489 733 prudenterque
1528 669 1702 714 in-9ssc.

143 739 288 787 terim
315 739 555 786 secularia
585 739 885 801 disposuerit
920 738 1136 800 negotia,
1174 737 1344 800 paucis
1382 736 1500 782 libet
1536 737 1594 781 ad

144 806 439 853 memoriam
477 808 733 867 reducere,
771 805 1001 868 quatinus
1040 804 1115 850 liis
1151 802 1454 866 interpositis
1483 802 1597 848 faci-

142 873 235 920 lius
271 874 333 919 sit
369 873 609 935 gradatim
651 889 737 935 per
772 873 895 918 llaec
922 873 979 917 ad
1009 870 1364 933 subsequentia
1391 871 1598 916 descen-

145 941 278 986 dere.
321 940 546 1002 Denique
585 956 697 985 cum
734 938 865 984 nullo
895 937 1109 984 hostium
1138 937 1337 983 incursu
1361 936 1597 999 trepidus,

143 1022 318 1070 pacem
348 1006 394 1052 in
422 1006 687 1052 securitate
715 1011 902 1068 ageret,
931 1004 1134 1068 periculi
1162 1020 1366 1067 semper
1386 1019 1443 1049 ac
1465 1002 1598 1048 velut

143 1072 371 1120 instantis
399 1080 648 1134 metuens,
674 1072 721 1118 in
750 1073 926 1118 castris
955 1071 1254 1132 muniebat2,
1289 1072 1417 1133 quod
1445 1069 1597 1115 hosti-

142 1142 232 1187 bus
260 1140 300 1186 si
328 1142 568 1186 adessent
593 1139 875 1185 nullatenus
904 1139 1116 1185 fortasse
1144 1138 1421 1197 resisteret,
1459 1136 1597 1182 nihil-

97 1221 109 1231 ·
143 1222 238 1270 que
275 1207 379 1253 suis
416 1222 544 1269 quae
584 1207 709 1253 bello
748 1205 1034 1252 necessaria
1063 1206 1223 1251 forent
1251 1205 1595 1267 praeparando

141 1273 418 1336 patiebatur
445 1272 661 1334 remissi,
697 1272 884 1320 scilicet
911 1288 972 1318 ne
1001 1288 1090 1335 per
1115 1272 1285 1332 otium,
1314 1279 1365 1317 ut
1392 1270 1596 1330 assolet,

140 1339 308 1386 viriles
345 1340 685 1386 emollirentur
720 1339 883 1385 animi.
941 1339 1139 1385 Nullum
1166 1345 1332 1384 tamen
1361 1339 1483 1384 adeo
1511 1336 1597 1383 dif-

141 1405 269 1453 ficile
296 1406 518 1454 invenire
548 1413 740 1470 poterat
768 1406 1040 1468 negotium,
1077 1407 1136 1451 ad
1164 1407 1291 1468 quod
1320 1404 1500 1450 invitos
1527 1402 1597 1448 in-

139 1473 348 1536 pulisset
378 1474 575 1534 milites,
603 1490 727 1536 quos
755 1475 906 1519 multa
933 1472 1121 1518 liberali
1149 1470 1485 1518 munificentia
1505 1470 1594 1516 sibi

140 1540 328 1586 fecerat
353 1541 591 1587 obnoxios
620 1547 666 1586 et
693 1539 880 1586 fideles.
940 1541 1098 1602 Atque
1127 1546 1177 1584 ut
1204 1539 1352 1600 scias,
1380 1543 1594 1600 quantus

141 1623 343 1653 suorum
384 1607 561 1652 fueritb
603 1607 649 1652 in
691 1606 978 1669 precordiis,
1028 1622 1113 1669 pro
1162 1612 1296 1652 certo
1343 1604 1594 1650 affirmare

144 1674 355 1733 valeam,
384 1675 510 1736 qnod
541 1674 702 1720 nullus
732 1672 990 1719 formidine
1020 1673 1190 1718 mortis
1219 1671 1494 1736 periculum
1521 1686 1599 1730 re-¹

137 1740 361 1803 fugeret,
409 1741 615 1804 eiusque
654 1756 740 1803 pro
778 1738 1014 1786 fidelitate
1053 1739 1275 1786 hostibus
1315 1737 1592 1785 innumeris

139 1807 300 1869 solus,
350 1808 552 1854 armatis
604 1808 753 1853 etiam
791 1807 1018 1853 manibus
1066 1806 1208 1853 nudis
1246 1805 1592 1869 inperterritus

137 1881 438 1935 occurreret,
475 1874 514 1921 si
555 1874 784 1921 euntibus
822 1881 1012 1920 tantum
1050 1874 1220 1935 regale
1256 1878 1592 1936 premonstra-

138 1947 273 1986 retur
294 1940 506 2003 signum.
551 1942 611 1986 At
637 1956 699 1987 ne
727 1956 805 1987 me
833 1942 1001 1986 credat
1028 1940 1204 2002 aliquis
1232 1940 1327 1986 hec
1354 1939 1478 1985 falsa
1504 1937 1592 1983 fin-

136 2008 298 2070 gendo
315 2008 522 2053 alicuius
538 2007 721 2053 amoris
738 2007 896 2069 gratia
912 2006 1203 2070 compilare,
1226 2013 1359 2052 recte
1377 2005 1594 2052 animad-

139 2074 346 2121 vertenti
374 2074 422 2120 in
450 2074 869 2138 subsequentibus
896 2073 1099 2137 patebit,
1127 2080 1291 2120 utrum
1319 2089 1436 2119 vera
1463 2072 1593 2118 dixe-

136 2140 247 2203 rim,
274 2157 336 2186 an
365 2141 580 2188 minime.
627 2141 868 2188 Omnibus
897 2141 1028 2187 enim
1056 2141 1210 2204 liquet
1236 2140 1405 2204 procul
1429 2138 1592 2200 dubio,

138 2206 371 2270 quoniam
398 2208 720 2254 humanitatis
748 2208 814 2254 ita
840 2223 955 2254 sese
983 2208 1164 2254 habeat
1191 2208 1515 2268 consuetudo,
1542 2213 1595 2252 ut

134 2274 431 2338 plerumque
473 2291 532 2321 ex
568 2277 715 2322 rebus
752 2290 992 2339 prospere
1030 2274 1350 2321 cedentibusc
1396 2279 1592 2320 mentes

136 2343 463 2404 quorumdam
492 2342 601 2405 plus
631 2358 755 2405 equo
785 2342 1004 2405 exagitet
1024 2340 1380 2404 cogitationum
1404 2346 1591 2391 aestus,

136 2414 284 2471 atque
312 2424 371 2455 ex
399 2409 549 2455 nimia
576 2409 622 2456 in
651 2410 757 2457 ocio
795 2409 994 2456 licentia
1032 2408 1389 2471 aggrediuntur
1426 2407 1592 2470 aliqui,

135 2477 263 2538 quod
281 2475 360 2521 vix
381 2476 601 2538 cogitare
624 2478 806 2523 nedum
829 2477 995 2523 facere
1018 2477 1199 2522 audent
1221 2475 1266 2521 in
1290 2474 1591 2522 adversitate

135 2541 297 2604 posnti.

135 2641 165 2686 a)
193 2644 242 2678 ica
268 2642 297 2675 1.
325 2643 469 2678 Recenti
492 2654 596 2678 manu
619 2644 756 2677 vivebat
779 2648 943 2689 aecriplo,
972 2645 1062 2689 quod
1085 2644 1251 2678 Cliesm'us
1273 2646 1306 2678 in
1331 2647 1427 2678 {extu
1449 2646 1590 2687 recepit,

133 2694 271 2726 minime
292 2701 436 2726 necesse
458 2696 520 2727 est.
559 2693 691 2726 Sensus
713 2697 784 2727 est:
807 2705 865 2728 rex
889 2693 1062 2738 quidquid
1086 2699 1279 2726 castrorum
1305 2691 1419 2725 minus
1436 2692 1588 2724 validum

135 2750 212 2773 esse
245 2740 450 2780 videbatur,
489 2740 683 2775 muniebat.
798 2742 830 2786 b)
867 2742 1015 2775 affectus
1042 2744 1175 2775 recensi
1198 2742 1301 2775 manu
1327 2741 1468 2774 additur
1493 2743 1526 2773 in
1559 2740 1588 2773 i.

135 2787 302 2822 Chesnms
329 2791 365 2822 in
392 2792 489 2822 textu
515 2792 657 2833 recepit,
683 2789 786 2833 plane
813 2791 943 2824 inuli'le.
1046 2790 1075 2834 c)
1103 2790 1334 2823 redeuntibus
1362 2790 1440 2822 edd.

131 2870 169 2923 4)
201 2872 251 2911 cl'.
283 2871 431 2910 Adami
465 2872 535 2913 lib.
567 2871 615 2914 11.
648 2886 680 2913 c.
715 2873 780 2912 26.
