2029 3387
447 269 476 312 4
633 252 945 314 CNUTONIS
983 267 1166 315 REGIS
1204 268 1418 317 GESTA.
1456 269 1639 318 LIBER
1677 271 1708 318 1.

444 413 619 460 regno,
659 398 896 445 maternis
925 414 1012 462 per
1037 399 1200 446 omnia
1229 416 1410 462 parens
1447 402 1682 465 consiliis,
1717 403 1896 450 divitiis

444 464 727 526 ampliando
755 481 965 528 regnum
992 465 1314 529 imperialiter
1347 468 1582 530 optinuit,
1621 485 1742 517 usus
1781 471 1895 533 quin

444 530 594 576 etiam
633 531 839 594 egregia
871 531 1165 580 liberalitate
1181 540 1216 595 ⁸,
1254 534 1415 596 fratri,
1464 542 1632 598 utpote
1673 538 1896 598 decebat,

442 613 590 643 suum
611 597 754 660 regni
775 600 927 645 decus
950 605 1098 662 atque
1119 599 1310 646 divitias
1330 599 1612 664 impertivit.
1656 603 1742 650 His
1763 603 1897 650 enim

441 663 824 727 animadversis,
850 681 877 711 o
904 665 1078 728 lector,
1106 665 1337 729 vigilique
1363 667 1514 714 immo
1537 668 1685 715 etiam
1708 670 1895 733 perspi·

442 730 545 776 caci
573 731 715 777 oculo
745 732 926 778 mentis
956 740 1265 796 perscrutato
1292 740 1446 795 textu,
1473 734 1710 798 intellige,
1749 736 1894 783 huius

438 796 588 844 libelli
634 797 818 845 seriem
865 815 954 862 per
987 799 1153 846 omnia
1188 799 1393 862 reginae
1428 802 1635 848 Emmae
1669 801 1895 850 laudibus

439 864 793 928 respondet-4³1.

784 955 1066 1004 EXPLICIT
1103 957 1557 1005 ARGUMEN'I'UM.

784 1144 1007 1193 INCIPIT
1045 1145 1229 1193 LIBER
1267 1146 1541 1205 PRIMUS&

541 1237 611 1281 12⁰
671 1235 896 1298 Regemd
931 1236 1203 1298 Danorum,
1229 1236 1470 1284 Sueinum
1509 1237 1728 1301 inquam,
1765 1238 1891 1285 veri—

434 1300 543 1347 dica
570 1302 790 1365 comperi
817 1302 1058 1349 relatione
1086 1304 1308 1350 omnium
1336 1304 1412 1351 sui
1439 1305 1678 1367 tempOris
1714 1320 1890 1368 regum

435 1367 591 1415 ferme
618 1369 1069 1417 fortunatissimum
1098 1371 1340 1433 extitisse,
1378 1372 1501 1418 adeo
1531 1378 1597 1432 ut,
1625 1373 1753 1434 quod
1781 1388 1890 1420 raro

433 1435 652 1498 contingi
687 1437 832 1500 solet,
868 1436 1121 1501 principiis
1160 1438 1382 1485 felicibus
1421 1439 1697 1485 secundum
1730 1439 1889 1486 Deum

434 1508 483 1548 et
518 1503 745 1550 seculum
785 1504 939 1550 multo
977 1504 1167 1551 felicior
1204 1506 1535 1569 responderet
1561 1505 1734 1552 exitus.
1802 1505 1890 1554 Hic

398 1568 645 1632 2denique
668 1587 695 1616 a
714 1571 1082 1635 nobilissimis²,
1105 1574 1232 1635 quod
1254 1572 1469 1636 primum
1491 1579 1567 1618 est
1587 1572 1716 1618 inter
1734 1573 1889 1619 homi-

430 1644 568 1698 nese,
595 1636 730 1683 duxit
754 1637 1018 1700 originem,
1046 1654 1387 1702 magnumque
1415 1638 1506 1686 sibi
1531 1640 1685 1686 decus
1712 1654 1889 1686 secun·

428 1704 546 1749 dum
573 1704 799 1751 seculum
826 1705 1023 1768 peperit
1058 1705 1270 1770 imperii,
1307 1707 1436 1769 quod
1475 1705 1888 1769 amministrabat,

427 1769 671 1833 regimen.
715 1771 957 1818 Tantam-³
979 1771 1155 1820 deinde
1175 1772 1242 1819 illi
1263 1772 1476 1836 gratiam
1498 1772 1660 1820 divina
1683 1789 1887 1821 conces-

407 1836 493 1884 ·sit
517 1837 693 1901 virtus,
731 1846 784 1886 ut
810 1839 958 1886 etiam
986 1839 1224 1903 puerulus
1250 1839 1422 1887 intimo
1450 1839 1633 1887 affectu
1659 1839 1890 1903 diligere-

429 1910 508 1950 tur
534 1907 593 1952 ab
621 1905 868 1968 omnibus,
908 1913 1099 1953 tantum
1128 1907 1253 1971 patri
1280 1907 1478 1971 proprio
1505 1907 1713 1968 invisus,
1752 1906 1885 1954 nulla

425 1970 522 2017 hoc
550 1980 868 2035 promerente
896 1974 1088 2036 pueruli
1117 1975 1277 2038 culpa,
1314 1976 1400 2021 sed
1427 1974 1532 2021 sola
1559 1976 1789 2020 turbante
1815 1974 1884 2021 in-

425 2037 570 2085 vidia.
619 2039 713 2094 Qui
750 2040 907 2086 factus
938 2039 1158 2103 iuvenis,
1195 2041 1243 2086 in
1281 2057 1451 2087 amore
1486 2039 1663 2087 cotidie
1691 2056 1885 2088 cresce-

425 2107 510 2152 bat
533 2106 727 2170 populi,
764 2109 895 2153 unde
923 2107 1084 2170 magis
1113 2107 1374 2170 magisque
1401 2107 1582 2154 invidia
1610 2110 1886 2171 augebatur

424 2173 570 2235 patri,
607 2175 731 2221 adeo
769 2181 820 2220 ut
856 2191 971 2220 eum
997 2191 1023 2221 a
1051 2174 1206 2238 patria
1236 2191 1332 2220 non
1359 2177 1456 2221 iam
1485 2175 1765 2221 clanculum
1794 2176 1883 2237 sed

423 2239 590 2303 palam
627 2241 777 2287 vellet
815 2242 1092 2305 expellere,
1128 2242 1333 2288 iurando
1361 2258 1598 2289 asserens
1627 2257 1740 2287 eum
1767 2248 1883 2305 post

424 2322 479 2353 se
507 2315 830 2370 regnaturum
859 2325 956 2354 non
986 2325 1116 2356 esse.
1165 2310 1302 2356 Unde
1330 2309 1503 2356 dolens
1532 2309 1779 2355 exercitus
1806 2324 1880 2355 re—

422 2373 537 2420 licto
564 2382 705 2437 patre
732 2375 941 2423 herebat
965 2375 1089 2439 filio,
1127 2383 1175 2422 et
1213 2392 1326 2423 eum
1362 2377 1656 2423 defensabat
1689 2375 1877 2422 sedulo.

421 2475 453 2520 a)
481 2475 643 2510 libertate
669 2478 698 2512 1.
775 2479 808 2524 b)
840 2478 865 2513 Ι.
892 2477 927 2514 L.
954 2479 991 2515 P.
1022 2480 1146 2514 desunt
1170 2478 1201 2513 1.
1277 2478 1308 2523 c)
1336 2481 1485 2522 capitum
1507 2478 1710 2512 divisionem
1731 2480 1876 2520 institui,

417 2526 601 2568 plurimum
622 2530 761 2561 secutus
784 2529 946 2571 codicem,
971 2532 1030 2574 qni
1048 2532 1164 2562 tamen
1183 2530 1335 2561 numeris
1357 2530 1465 2561 carel.
1542 2525 1576 2569 d)
1598 2526 1670 2560 in2
1686 2527 1740 2562 hic
1761 2529 1880 2562 titulus

419 2576 675 2617 superscriptus
698 2579 760 2611 est.
801 2575 854 2609 Ex
877 2578 1002 2611 eodem
1028 2575 1132 2611 Gilda
1155 2576 1191 2610 in
1221 2575 1367 2609 historia
1396 2576 1439 2608 de
1463 2572 1608 2620 Sueyno
1631 2580 1667 2609 et
1686 2574 1878 2610 Knuctone

419 2632 525 2666 quam
553 2621 588 2655 in
615 2623 761 2666 gratiam
789 2625 929 2671 scripsit
956 2627 998 2659 ad
1026 2625 1181 2671 reginam
1208 2623 1384 2658 Emmam.
1505 2622 1536 2669 e)
1561 2623 1769 2668 parentibus
1791 2623 1878 2668 sor-

418 2673 514 2704 tasse
540 2673 682 2706 excidit.

424 2741 457 2793 1)
491 2741 606 2781 Haec
628 2743 769 2782 omnia
792 2744 898 2783 libro
925 2745 1045 2784 terlio
1069 2739 1341 2795 explicantur.
1441 2743 1479 2797 ⁶2)
1513 2744 1726 2784 Haroldus
1758 2749 1877 2796 pater

420 2797 508 2836 eius
540 2798 625 2837 fuit.
713 2800 752 2850 3)
785 2799 837 2839 cf.
869 2800 1016 2839 Adami
1052 2801 1202 2840 librum
1235 2799 1284 2840 11.
1316 2813 1349 2840 c,
1381 2800 1447 2841 25.
