2029 3387
300 1181 406 1217 1015.

434 306 492 353 12
616 304 927 379 CNUTONIS
964 305 1144 353 REGIS
1182 306 1396 355 GESTA.
1433 308 1612 356 LIBER
1651 310 1702 357 ll.

427 439 586 486 maior
589 453 659 484 em
678 439 719 485 si
736 439 934 485 amisisti
954 439 1088 485 doleo
1093 444 1252 501 ‚teque
1272 441 1436 487 iuvare
1453 447 1673 504 paratus.
1691 459 1886 505 reqmem

427 520 580 552 meum
604 506 779 566 partiri
803 520 896 551 non
924 506 1174 552 sustinebO.

529 571 634 617 Hoc
670 571 828 618 Cnuto
866 572 1072 618 audiens
1115 572 1418 636 fratremque
1452 581 1586 620 lecte
1626 576 1882 638 loquututn

425 636 575 683 tacite
620 639 963 714 perpendens:
1016 639 1121 684 Hoc
1163 644 1372 700 tempore
1414 640 1470 686 de
1513 641 1602 686 hoc
1644 643 1881 689 sileamus.

427 703 599 766 inquit
636 705 764 751 Deus
790 707 909 750 enim
936 707 1108 751 rectius
1130 707 1340 761 fortasse
1363 706 1452 752 hoc
1475 707 1603 753 solus
1629 709 1881 755 ordinabit.

427 770 627 817 Talibus
672 771 880 834 aliisque.
923 771 1133 818 diversis
1177 772 1492 818 sermonibus
1542 774 1882 837 colloquentes

428 836 767 900 conviviisque
806 837 1056 900 legalibus
1086 840 1436 900 convivantes
1474 839 1722 901 aliquanto
1756 847 1880 888 tem-

424 919 546 967 pore
569 904 743 949 simul‘³¹
771 912 1079 965 manserunt.
1107 912 1155 951 et
1175 921 1330 952 naves
1355 905 1674 954 meliolantes
1696 908 1881 954 exerci-

424 978 529 1016 tum
571 977 992 1018 restauraverunt.
1044 951 1232 1018 Pariter
1264 987 1382 1018 vero
1411 972 1759 1019 sclavoniamb
1798 976 1879 1021 ad—

423 1036 681 1099 ierunt5et
706 1043 918 1084 matrem
947 1053 1090 1084 suam
1102 1036 1138 1099 8,
1166 1054 1291 1102 quae
1313 1038 1453 1084 illucc
1480 1041 1779 1103 morabatur,
1805 1056 1880 1087 re·

423 1105 682 1151 duxerunt.

523 1173 566 1218 3.
619 1171 889 1217 Translatio
924 1174 1141 1233 corporis
1175 1171 1336 1219 Sueini
1369 1174 1415 1218 in
1452 1172 1878 1220 Danonmrchiam.

421 1236 616 1283 Interea
663 1238 911 1300 quaedam
958 1245 1298 1285 matronarum
1344 1239 1664 1301 Anglicarum
1712 1239 1876 1295 navim

421 1303 511 1349 sibi
551 1303 666 1350 fecit
703 1304 884 1367 parari,
926 1311 973 1351 et
1006 1312 1264 1368 assumpto
1302 1321 1509 1368 corpore
1535 1305 1703 1352 Sueini
1741 1307 1876 1369 regis

419 1386 509 1417 sua
536 1369 584 1416 in
612 1370 768 1434 patria
791 1371 989 1434 sepulti⁷
1016 1372 1198 1434 illoque
1225 1371 1527 1418 aromatibus
1555 1373 1748 1418 condito
1777 1373 1877 1436 pal-

418 1437 598 1501 liisque
637 1437 826 1499 velato„
864 1454 1003 1484 mare
1046 1438 1180 1500 adiit,
1231 1445 1280 1484 et
1312 1453 1552 1502 prospero
1597 1455 1742 1486 cursu
1790 1456 1874 1503 ap-

416 1504 562 1568 pulsa
609 1506 667 1551 ad
708 1511 880 1568 portus
919 1505 1173 1552 Danorum
1211 1506 1452 1569 pervenit.
1515 1506 1715 1553 Mittens
1754 1522 1874 1569 ergo

417 1571 642 1634 utrisque
677 1571 909 1619 fratribus
946 1572 1201 1635 nuntium
1240 1576 1442 1618 mandat
1477 1588 1657 1636 corpus
1694 1575 1875 1619 adesse

416 1644 710 1700 paternum
748 1645 800 1684 ut
835 1639 930 1685 hoc
968 1645 1219 1685 matuient
1256 1639 1539 1702 suscipeie7
1585 1639 1874 1702 tumuloque

417 1704 546 1768 quod
570 1703 659 1750 sibi
683 1706 974 1767 paraveiatd
995 1705 1176 1750 locare
1215 1705 1285 1750 llli
1306 1705 1431 1750 h11a1
1436 1720 1489 1750 es
1507 1705 1702 1766 adsunt
1723 1706 1875 1752 hono-

414 1769 551 1818 rifice
593 1786 773 1835 corpus
812 1771 1105 1834 suscipiunt
1143 1769 1649 1834 honmificentiusque
1683 1771 1836 1818 illud
1825 1789 1873 1819 m

403 1837 769 1885 ‘monasterioss
795 1838 843 1884 in
884 1839 1073 1884 honore
1102 1844 1305 1884 sanctae
1332 1837 1581 1885 'Irinitatis
1609 1841 1667 1885 ab
1696 1841 1873 1886 eodem

412 1921 536 1967 rege
572 1912 874 1967 constructo7
913 1904 960 1950 in
998 1905 1264 1968 sepulchro
1301 1907 1428 1969 quod
1466 1904 1554 1952 sibi
1592 1913 1872 1969 paraverat,

412 1973 702 2018 recondunt.

514 2039 622 2096 Quo
663 2039 886 2103 perfecto
926 2038 1124 2103 iamque
1159 2038 1485 2103 appropiante
1520 2037 1626 2083 sole
1660 2039 1870 2102 aestivo⁷

412 2106 660 2153 accelerat
681 2107 839 2155 Cnuto
869 2106 1205 2170 redintegrato
1228 2104 1446 2152 exercitu
1468 2104 1628 2152 redire
1649 2120 1869 2170 suasque

411 2171 614 2219 iniurias
649 2173 916 2220 vindicare.
986 2175 1048 2233 ᾼῐ
1089 2173 1155 2219 illi
1192 2173 1321 2219 circa
1356 2171 1497 2217 litora
1534 2173 1868 2227 deambulanti

411 2238 573 2285 subito
596 2247 932 2303 apparescunt
953 2243 1158 2287 carbasa
1180 2256 1278 2286 non
1299 2238 1455 2284 multa
1476 2236 1522 2283 in
1545 2238 1708 2285 medio
1727 2239 1865 2288 mari.

409 2305 535 2352 Nam
563 2306 766 2351 Thurkil
802 2323 996 2353 memor
1030 2309 1157 2370 quod
1186 2306 1371 2354 Sueino
1408 2304 1613 2366 fecerat,
1651 2311 1700 2350 et
1736 2307 1863 2368 quod

407 2378 525 2418 tunc
553 2371 597 2418 in
626 2379 756 2418 terra
781 2381 795 2399 ⁰
834 2376 1024 2436 absque
1060 2374 1259 2420 licentia
1296 2370 1479 2419 domini
1517 2370 1591 2416 sui
1627 2371 1864 2419 Cnutonis

409 2439 689 2486 inconsulte
715 2447 1047 2501 remanserat7
1085 2456 1197 2486 cum
1228 2453 1410 2486 novem
1437 2436 1643 2484 navibus
1671 2454 1864 2486 earum-

409 2523 504 2569 que
542 2506 758 2552 exercitu
799 2505 1054 2553 dominum
1090 2523 1235 2554 suum
1270 2502 1542 2567 requisivit,
1582 2510 1632 2550 ut
1660 2505 1702 2551 ei
1728 2513 1864 2569 pate-

409 2573 613 2634 faceret7
651 2573 889 2637 quianon
919 2580 1086 2620 contra
1116 2574 1222 2620 eius
1259 2571 1472 2619 salutem
1507 2586 1561 2616 se
1597 2575 1862 2622 recedente

406 2663 438 2707 a)
461 2665 494 2696 in
518 2674 626 2706 marq.
651 2666 818 2699 additum.
919 2662 953 2706 b)
977 2662 1173 2698 Astloniam
1191 2664 1225 2697 2.
1327 2661 1358 2704 c>
1380 2660 1454 2694 illic
1476 2659 1554 2696 edd.
1649 2661 1682 2706 d)
1706 2673 1861 2709 praepa-

405 2718 545 2745 raverat
567 2714 645 2746 edd.
722 2712 752 2757 e)
777 2718 800 2747 t.
828 2710 978 2756 Anglica
1002 2712 1037 2746 2.

402 2783 441 2836 8)
474 2783 696 2822 Miseconis
733 2784 988 2822 Polonorum
1032 2784 1148 2823 ducis
1189 2781 1329 2822 filiam.
1397 2780 1573 2823 Thioun.
1620 2798 1649 2830 ι,
1685 2783 1751 2826 28,
1790 2783 1857 2826 SS,

401 2838 470 2888 111,
502 2838 596 2880 848.
768 2840 824 2887 ὅ)
856 2839 1040 2881 Roskild.
