2029 3387
419 271 482 319 2Ο
584 269 894 320 CNUTONIS
932 270 1117 319 REGIS
1155 271 1368 320 GESTA.
1425 271 1607 321 LlBER
1643 269 1696 319 ll.

299 403 456 452 1016.si
495 402 607 465 quid
647 402 772 448 forte
811 402 900 449 sibi
938 402 1049 450 boni
1088 404 1357 450 succedere
1397 412 1580 467 posset.
1641 406 1702 450 At
1738 402 1864 449 Dani

415 469 665 531 fugientes
705 485 801 514 non
840 470 987 531 longe
1027 476 1140 515 sunt
1178 470 1443 533 persecuti,
1481 471 1593 533 quia
1630 468 1865 532 incogniti

414 535 638 581 locorum
667 534 823 581 noctis
851 536 1151 582 obscuritate
1179 543 1294 582 sunt
1320 537 1512 582 retenti.
1574 537 1718 600 Angli
1746 551 1864 582 vero

412 601 505 647 loci
544 616 641 646 non
676 600 836 663 inscii,
874 602 966 648 cito
995 618 1021 648 a
1050 602 1275 648 manibus
1304 602 1520 649 hostium
1548 610 1664 649 sunt
1690 602 1866 666 elapsi,

414 683 500 714 eos
527 667 867 730 relinquentes
894 670 953 715 ad
981 668 1156 731 spolia„
1195 684 1408 732 seseque
1444 671 1616 715 dantes
1643 672 1700 716 ad
1730 670 1866 716 inho-

413 741 555 781 nesta
584 734 788 796 refugia.

518 803 589 848 11.
651 800 788 847 Tunc
825 801 1041 848 victores
1081 817 1168 848 sua
1215 801 1297 847 leti
1339 801 1568 861 victoria7
1617 807 1864 848 transacta

411 866 509 912 iam
550 873 693 913 nocte
732 867 841 930 plus
880 867 1070 928 media,
1108 875 1402 930 pernoctant
1439 869 1564 929 quod
1604 876 1866 930 supererat

410 933 539 979 inter
566 940 871 979 mortuorum
901 936 1159 981 cadavera.
1197 935 1301 980 Non
1325 941 1490 980 autem
1508 935 1554 980 in
1583 941 1726 980 nocte
1754 951 1864 998 spo-

408 999 471 1045 lia
510 999 770 1061 dirimunt7
807 1002 895 1047 sed
933 1000 1129 1047 interim
1170 1017 1288 1047 suos
1326 1000 1610 1064 requirunt,
1649 1011 1864 1064 seseque

411 1068 688 1112 adunantes
718 1074 768 1112 ut
794 1067 1073 1114 securiores
1103 1083 1216 1113 esse
1245 1074 1468 1131 possent,
1507 1067 1654 1114 simul
1686 1083 1863 1115 omnes

411 1148 508 1178 uuo
545 1132 593 1178 in
627 1133 737 1179 loco
778 1134 1150 1196 persisterunta.
1210 1134 1554 1180 inlucescente
1600 1150 1719 1180 vero
1766 1133 1865 1181 iam

410 1215 577 1262 mane„
606 1216 808 1246 suorum
837 1207 1117 1263 agnoscunt
1143 1201 1325 1247 multos
1353 1200 1398 1246 in
1430 1200 1582 1263 prelio
1604 1200 1864 1263 cecidisse,

411 1282 620 1329 quorum
660 1268 902 1313 cadavera
942 1275 993 1313 ut
1031 1274 1261 1330 poterant
1298 1267 1622 1314 tumulavere.
1673 1269 1743 1315 Ab
1782 1270 1865 1315 ad—

410 1333 745 1379 versariorum
783 1350 978 1397 quoque
1007 1334 1244 1380 membris
1281 1335 1522 1380 abradunt
1556 1333 1741 1397 spolia,
1782 1337 1863 1382 be-

410 1399 516 1446 stiis
557 1406 606 1445 et
631 1399 802 1446 avibus
832 1417 1003 1447 eorum
1031 1401 1370 1463 relinquentes
1400 1400 1692 1462 morticinia,
1730 1407 1778 1447 et
1803 1403 1862 1447 ad

409 1482 563 1512 naves
592 1469 858 1514 redeuntes
885 1467 1292 1530 Londoniamque
1319 1473 1625 1530 repetentes,
1664 1468 1864 1514 saniora

408 1533 497 1580 sibi
536 1540 749 1596 querunt
787 1534 1005 1581 consilia.
1077 1534 1311 1581 Similiter
1358 1541 1406 1580 et
1442 1534 1585 1597 Angli
1622 1549 1712 1581 suo
1751 1550 1863 1580 cum

407 1600 630 1664 principe
668 1601 756 1647 sibi
797 1602 1085 1661 consulunt,
1136 1608 1183 1647 et
1230 1617 1382 1664 super
1418 1601 1512 1647 hoc
1550 1600 1736 1663 negotii
1772 1600 1863 1647 Dei

407 1667 640 1714 auxilium
669 1672 897 1730 querunt
926 1675 975 1714 ut
1003 1667 1080 1731 qui
1108 1667 1288 1714 totiens
1316 1667 1466 1714 armis
1496 1668 1642 1714 suntb
1668 1667 1863 1730 devicti⁷

407 1734 585 1780 saltem
615 1734 777 1797 aliquo
807 1734 1010 1781 consilio
1038 1742 1386 1781 1·emanc1ent⁰
1412 1734 1613 1781 suffulti.

510 1802 584 1848 12.
633 1801 736 1848 lam
766 1802 913 1848 etiam
942 1801 1102 1863 Edric,
1127 1792 1209 1865 qui
1238 1802 1419 1848 antead
1446 1818 1473 1847 a
1500 1801 1626 1848 bello
1654 1800 1865 1847 lecessit

405 1857 667 1930 profugus,
705 1870 763 1914 ad
791 1869 1045 1915 dominum
1073 1885 1217 1915 suum
1248 1875 1295 1915 et
1321 1869 1380 1914 ad
1409 1868 1573 1915 socios
1607 1867 1775 1925 1ediit·
1815 1875 1863 1915 et

406 1942 672 1998 susceptus
712 1942 812 1996 est7
862 1937 973 1996 quia
1014 1935 1086 1981 vir
1122 1935 1234 1983 boni
1271 1935 1460 1981 consilii
1500 1935 1600 1981 suit.
1672 1935 1718 1981 Is
1758 1951 1862 1981 sur-

405 2017 532 2063 gens
570 2001 618 2047 in
656 2002 817 2048 medio
857 2002 1087 2065 agmine7
1127 2018 1305 2049 omnes
1343 2001 1426 2048 tali
1465 2001 1746 2064 alloquutus
1787 2007 1864 2048 est

406 2084 670 2115 sermone:
707 2069 835 2115 Licet
873 2069 1089 2116 omnibus
1125 2085 1239 2130 pene
1273 2069 1402 2116 vobis
1436 2071 1522 2115 sim
1549 2070 1725 2115 invisus
1751 2070 1862 2130 quin

404 2135 522 2181 bello
549 2137 682 2195 cessi,
709 2140 866 2182 tamen
892 2138 932 2182 si
959 2138 1122 2182 vestris
1147 2136 1327 2182 sederet
1353 2137 1523 2181 (mimis
1543 2134 1678 2181 dictis
1689 2150 1862 2196 parere

404 2203 494 2247 mei
531 2202 735 2264 consilii,
773 2204 1122 2249 victoriosiores
1159 2203 1279 2259 effici
1309 2218 1412 2248 meo
1439 2201 1680 2247 consultae
1703 2217 1862 2262 posse-

405 2269 478 2328 ἧς,
516 2268 686 2330 quartis
720 2271 760 2315 si
796 2271 938 2315 totius
972 2274 1128 2315 terrae
1161 2269 1231 2315 his
1259 2270 1369 2314 viris
1395 2270 1669 2314 resisteretis
1696 2269 1859 2314 armis.

407 2334 538 2381 Satis
573 2336 693 2381 enim
731 2336 977 2382 Danorum
1017 2337 1242 2382 victorias
1279 2333 1518 2396 arpertus*⁵
1550 2336 1737 2388 frustra
1774 2350 1863 2381 nos

406 2402 542 2447 reniti
577 2404 767 2448 omnino
804 2405 918 2464 scio,
966 2406 1010 2448 et
1046 2402 1103 2448 ob
1141 2402 1229 2448 hoc
1266 2418 1338 2448 me
1374 2401 1592 2447 subtraxi
1629 2416 1658 2447 a
1694 2400 1858 2462 prelio,

405 2472 458 2514 ut
480 2467 612 2515 vobis
633 2469 938 2529 postmodum
974 2468 1245 2529 prodessem
1284 2467 1510 2526 consili05
1546 2483 1655 2527 non,
1693 2471 1746 2513 ut
1779 2483 1862 2514 vos

406 2535 648 2596 estinzasts,
679 2535 927 2596 perculsus
958 2537 1129 2582 timore
1168 2534 1341 2596 aliquo.
1397 2534 1522 2580 Dum
1548 2535 1665 2580 enim
1693 2535 1860 2579 scirem

405 2617 590 2647 necesse
616 2618 713 2648 esse
751 2618 823 2648 me
858 2604 1038 2664 fuyere‚
1077 2601 1187 2662 quid
1219 2602 1369 2646 satiem
1394 2601 1497 2659 feeit,
1536 2604 1618 2646 aut
1644 2599 1860 2646 vnlnera-

406 2671 500 2713 {um
530 2672 615 2714 siut
638 2684 807 2714 saneim
836 2669 1081 2715 recedere?
1117 2668 1201 2714 Est
1221 2666 1534 2729 proculdubio
1561 2671 1693 2712 certa
1721 2667 1860 2712 victo·

406 2768 437 2811 a)
473 2768 718 2814 perspicerunt
752 2770 787 2802 2.
913 2770 946 2813 b)
981 2769 1095 2803 omnia
1131 2769 1166 2803 2.
1300 2768 1329 2813 r)
1367 2768 1523 2803 valerent
1557 2780 1741 2803 remanere
1778 2769 1858 2802 edd.

407 2817 440 2863 d)
466 2828 546 2851 cum
572 2818 608 2853 2.
710 2818 740 2864 e)
770 2818 836 2852 inei
864 2818 1001 2852 consilii
1028 2818 1062 2852 2.
1164 2817 1187 2863 s)
1214 2818 1380 2863 quoniam
1408 2817 1442 2852 2.
1549 2829 1553 2833 ·
