2044 3418
275 344 584 392 (JNU'l‘OMS
624 344 805 390 REGlS
843 342 1056 390 GESTA.
1125 341 1302 388 LlBER
1346 343 1394 388 ll.
1502 346 1560 390 ⁴27

108 481 168 527 rit
202 479 358 525 dicam
398 495 482 542 pro
512 478 760 542 exemplo,
798 477 925 541 quod
955 476 1105 523 etiam
1133 475 1290 523 oculis
1327 476 1451 523 meis
1483 492 1562 523 me
1583 491 1685 526 102⁶.

112 547 293 594 vidisse
322 548 565 592 recordor.

210 614 471 676 lugi-ossus
512 610 815 658 monasteria
858 616 906 656 et
943 617 1209 673 susceptus
1239 626 1351 656 cum
1381 628 1562 673 magna

110 679 524 740 honorilicencia,
571 677 824 725 humiliter
865 676 1154 738 incedebat,
1206 684 1254 724 et
1291 678 1412 724 mira
1453 694 1564 723 cum

110 747 417 807 reverentia,
464 746 509 791 in
549 752 733 791 terrain
773 743 963 790 delixus
1000 743 1213 805 lumina,
1261 753 1308 790 et
1355 745 1565 792 ubertim

110 815 323 859 fundens
362 813 676 859 lacrimarum
718 818 769 857 ut
807 810 868 856 ita
906 810 1065 857 dicam
1101 809 1323 871 flumina,
1363 818 1459 857 tota
1498 811 1566 857 in-

111 881 331 927 tentione
360 887 643 927 sanctorum
673 877 876 941 expetiit
902 877 1157 940 suffragia.
1205 879 1267 924 At
1295 878 1371 924 ubi
1396 880 1453 924 ad
1473 875 1567 926 llo'c

113 954 407 1011 perventum
446 953 548 1007 est,
585 952 635 991 ut
673 944 1001 991 oblationibus
1037 944 1189 1006 regiis
1227 960 1369 991 sacra
1421 946 1566 993 vellel

114 1014 369 1060 cumulare
406 1013 601 1059 altaria:
649 1012 708 1058 6²
746 1010 975 1074 quotiens
1024 1011 1237 1074 primum
1282 1011 1568 1075 pavimento

113 1081 375 1127 lacrimosa
404 1078 558 1125 infixit
583 1078 771 1139 oscula,
809 1077 1038 1141 quotiens
1075 1077 1188 1125 illud
1217 1085 1393 1142 pectus
1423 1095 1568 1125 vene-

113 1148 265 1195 rabile
295 1147 489 1211 propria
523 1146 793 1209 puniebant
831 1147 1067 1207 verbera,
1107 1146 1267 1209 qualia
1305 1148 1455 1193 dabat
1493 1163 1571 1192 su-

114 1215 282 1278 spi1·iz,i
321 1214 548 1277 quotiens
585 1215 880 1276 precabatur
907 1219 958 1258 ut
985 1212 1075 1259 sibi
1104 1228 1200 1258 non
1231 1213 1572 1306 indignaietur

114 1298 329 1345 superna
359 1279 652 1327 clementia!
691 1280 913 1326 Tandem
940 1295 966 1324 a
995 1281 1099 1326 suis
1129 1279 1170 1325 ei
1199 1279 1453 1326 innuentib
1481 1296 1568 1326 sua

114 1349 457 1412 porrigebatur
483 1346 681 1407 oblatio,
707 1362 805 1392 non
834 1345 1116 1420 mediocris,
1145 1363 1235 1393 nec
1256 1363 1419 1410 quae
1407 1347 1570 1410 aliquo

115 1416 427 1462 clauderetur
453 1432 498 1460 in
529 1413 802 1476 maisupio,
839 1415 926 1460 sed
964 1413 1142 1476 ingens
1182 1413 1329 1460 allata
1369 1421 1445 1460 est
1472 1414 1573 1487 pal-

114 1482 280 1529 leati²³
319 1489 518 1533 extento
557 1481 601 1526 in
629 1480 841 1544 gremio,
869 1496 1017 1543 quam
1046 1496 1154 1543 ipse
1181 1496 1267 1527 rex
1290 1480 1393 1528 suis
1418 1497 1571 1527 mani-

116 1553 205 1597 bus
222 1548 631 1612 altariimposuit,
629 1516 864 1611 elargitor
879 1547 1048 1594 hilaris
1065 1547 1254 1594 monitu
1278 1548 1570 1622 apostolico.

115 1616 266 1663 Altari
302 1623 468 1662 autem
498 1631 583 1662 cur
609 1615 735 1677 dico,
775 1630 886 1661 cum
916 1614 1100 1661 vidisse
1129 1631 1208 1661 me
1235 1615 1571 1677 meminerim,

115 1700 228 1730 eum
269 1699 445 1729 omnes
481 1682 692 1745 angulos
731 1681 1146 1728 monasteriorum
1177 1681 1434 1743 circuisse,
1467 1683 1572 1728 nul-

113 1751 316 1813 lumque.
365 1751 519 1796 alta-ne
569 1749 684 1795 licet
722 1748 955 1812 exiguum
994 1749 1296 1812 preterisse,
1348 1749 1423 1795 cui
1471 1765 1569 1795 non

116 1834 321 1863 munera
368 1819 505 1863 daret
553 1823 600 1862 et
650 1816 808 1862 dulcia
859 1816 1029 1862 oscula
1067 1814 1331 1879 infigeret?
1383 1816 1571 1862 Deinde

114 1887 294 1931 adsunt
332 1899 608 1947 pauperes,
656 1890 983 1930 munerantur
1027 1882 1175 1930 etiam
1214 1882 1309 1947 ipsi
1345 1883 1572 1946 protinus

115 1951 399 2015 singulatim
429 1966 621 1997 omnes.
673 1951 808 1997 Haec
834 1957 882 1996 et
908 1949 1003 1996 alia
1031 1950 1107 1997 his
1133 1949 1503 1996 mirificentiora
1546 1966 1571 1996 a

115 2020 299 2066 domno
349 2019 573 2064 Cnutone
623 2024 769 2080 gesta
820 2016 916 2063 vidi
967 2032 1080 2080 ego,
1129 2023 1299 2063 vester
1348 2018 1573 2082 vernula,

117 2093 288 2132 sancte
303 2086 603 2146 Audomare
630 2091 803 2131 sancte
818 2083 1035 2146 Bertine,
1064 2099 1176 2130 cum
1198 2083 1376 2131 fierent
1390 2076 1572 2132 vestiis

118 2153 165 2199 in
193 2151 469 2213 coenobiis·
509 2167 596 2215 pro
625 2151 800 2214 quibus
828 2150 971 2199 honis
997 2157 1190 2197 tantum
1217 2167 1393 2214 regem
1418 2150 1574 2215 impe·

116 2226 243 2267 trate
281 2219 446 2265 vivere
484 2219 531 2264 in
569 2218 868 2265 caelestibus
895 2217 1207 2280 habitaculis,
1245 2225 1298 2264 ut
1323 2218 1479 2265 vestri
1506 2220 1574 2265 fa-

119 2287 235 2334 muli
271 2286 493 2333 canonici
533 2292 580 2332 et
618 2285 852 2333 monachi
887 2292 1003 2333 sunt
1037 2292 1240 2332 orantes
1267 2285 1573 2333 orationibus

118 2353 392 2401 cotidianis.

220 2422 296 2469 21.
355 2420 561 2468 Discant
597 2420 746 2484 igitur
781 2436 930 2484 reges
967 2427 1016 2467 et
1042 2419 1292 2484 principes
1319 2419 1465 2467 huius
1492 2421 1575 2466 do·

120 2487 236 2534 mini
277 2487 454 2534 imitari
493 2488 744 2547 acciones,
783 2488 862 2551 qui
899 2495 950 2534 ut
975 2488 1170 2544 valeret,
1192 2489 1435 2534 scandere
1464 2490 1575 2535 sub-

117 2554 268 2616 limia,
307 2571 422 2602 sese
463 2555 737 2601 humiliavit
773 2554 821 2601 in
858 2553 1054 2616 infima,
1094 2562 1142 2601 et
1178 2561 1229 2600 ut
1270 2561 1442 2617 posset
1478 2554 1576 2600 adi-

119 2621 239 2684 pisci
275 2622 528 2682 caelestia,
567 2622 787 2669 hilariter
810 2622 1018 2685 largitus
1047 2628 1124 2668 est
1148 2621 1419 2668 terrestria.
1468 2621 1575 2668 Non

119 2688 250 2734 enim
289 2688 448 2735 suerat
482 2688 659 2735 oblitus
706 2688 936 2752 propriae
985 2688 1278 2736 conditionis
1328 2690 1576 2750 modumc,

117 2783 148 2823 a)
177 2777 245 2812 ohe
273 2779 351 2813 edd.
437 2779 470 2823 1»)
498 2781 546 2814 ila
578 2778 606 2814 1.
634 2779 740 2822 bene‚·
767 2779 967 2813 imminenti
995 2781 1096 2822 edd.;
1123 2778 1320 2814 immerenti
1349 2780 1487 2814 coniicit
1515 2777 1574 2813 Cli.

118 2829 147 2870 c)
175 2828 306 2862 excidit
330 2830 365 2861 in
391 2828 502 2861 edilis.

117 2887 182 2939 23)
219 2885 292 2926 viri
326 2886 452 2939 pallio
487 2887 629 2928 induti.
