<?xml version="1.0" encoding="UTF-8"?>
<!DOCTYPE html PUBLIC "-//W3C//DTD XHTML 1.0 Transitional//EN"
    "http://www.w3.org/TR/xhtml1/DTD/xhtml1-transitional.dtd">
<html xmlns="http://www.w3.org/1999/xhtml" xml:lang="en" lang="en">
 <head>
  <title>
</title>
<meta http-equiv="Content-Type" content="text/html;charset=utf-8" />
  <meta name='ocr-system' content='tesseract 3.04.00' />
  <meta name='ocr-capabilities' content='ocr_page ocr_carea ocr_par ocr_line ocrx_word'/>
</head>
<body>
  <div class='ocr_page' id='page_1' title='image "./cnutonisregisges00encouoft_0010.png"; bbox 0 0 1971 3377; ppageno 0'>
   <div class='ocr_carea' id='block_1_1' title="bbox 415 278 1332 329">
    <p class='ocr_par' dir='ltr' id='par_1_1' title="bbox 415 278 1332 329">
     <span class='ocr_line' id='line_1_1' title="bbox 415 278 1332 329; baseline -0.002 1"><span class='ocrx_word' id='word_1_1' title='bbox 415 278 463 313; x_wconf 75' lang='lat' dir='ltr'><strong><em>V¹</em></strong></span> <span class='ocrx_word' id='word_1_2' title='bbox 971 281 1332 329; x_wconf 84' lang='lat' dir='ltr'><strong>PRAEFATIO.</strong></span> 
     </span>
    </p>
   </div>
   <div class='ocr_carea' id='block_1_2' title="bbox 410 413 1877 2876">
    <p class='ocr_par' dir='ltr' id='par_1_2' title="bbox 410 413 1876 1810">
     <span class='ocr_line' id='line_1_2' title="bbox 411 413 1871 466; baseline 0.003 -5"><span class='ocrx_word' id='word_1_3' title='bbox 411 415 486 461; x_wconf 89' lang='lat' dir='ltr'><strong><em>sui</em></strong></span> <span class='ocrx_word' id='word_1_4' title='bbox 510 413 791 460; x_wconf 87' lang='lat' dir='ltr'><strong><em>desiderium</em></strong></span> <span class='ocrx_word' id='word_1_5' title='bbox 818 415 1019 461; x_wconf 88' lang='lat' dir='ltr'><strong><em>movisse</em></strong></span> <span class='ocrx_word' id='word_1_6' title='bbox 1043 419 1245 461; x_wconf 89' lang='lat' dir='ltr'><strong><em>constat.</em></strong></span> <span class='ocrx_word' id='word_1_7' title='bbox 1292 415 1514 462; x_wconf 88' lang='lat' dir='ltr'><strong><em>Chesnius</em></strong></span> <span class='ocrx_word' id='word_1_8' title='bbox 1533 417 1737 465; x_wconf 80' lang='lat' dir='ltr'><em>codicem</em></span> <span class='ocrx_word' id='word_1_9' title='bbox 1760 422 1871 466; x_wconf 86' lang='lat' dir='ltr'><strong><em>tunc</em></strong></span> 
     </span>
     <span class='ocr_line' id='line_1_3' title="bbox 412 480 1872 548; baseline 0.003 -21"><span class='ocrx_word' id='word_1_10' title='bbox 412 482 636 541; x_wconf 86' lang='lat' dir='ltr'><strong><em>temporis</em></strong></span> <span class='ocrx_word' id='word_1_11' title='bbox 650 482 771 527; x_wconf 89' lang='lat' dir='ltr'><strong><em>inter</em></strong></span> <span class='ocrx_word' id='word_1_12' title='bbox 784 480 930 527; x_wconf 88' lang='lat' dir='ltr'><strong><em>libros</em></strong></span> <span class='ocrx_word' id='word_1_13' title='bbox 943 481 1137 528; x_wconf 85' lang='lat' dir='ltr'><strong><em>Roberti</em></strong></span> <span class='ocrx_word' id='word_1_14' title='bbox 1151 482 1336 528; x_wconf 89' lang='lat' dir='ltr'><strong><em>Cottoni</em></strong></span> <span class='ocrx_word' id='word_1_15' title='bbox 1349 483 1493 538; x_wconf 83' lang='lat' dir='ltr'><strong><em>fuisse</em></strong></span> <span class='ocrx_word' id='word_1_16' title='bbox 1509 484 1671 546; x_wconf 79' lang='lat' dir='ltr'><em>tradit,</em></span> <span class='ocrx_word' id='word_1_17' title='bbox 1692 485 1872 548; x_wconf 81' lang='lat' dir='ltr'><strong><em>sibique</em></strong></span> 
     </span>
     <span class='ocr_line' id='line_1_4' title="bbox 413 546 1870 607; baseline 0.004 -14"><span class='ocrx_word' id='word_1_18' title='bbox 413 547 474 593; x_wconf 89' lang='lat' dir='ltr'><strong><em>ab</em></strong></span> <span class='ocrx_word' id='word_1_19' title='bbox 502 563 554 593; x_wconf 92' lang='lat' dir='ltr'><strong><em>eo</em></strong></span> <span class='ocrx_word' id='word_1_20' title='bbox 578 562 665 607; x_wconf 86' lang='lat' dir='ltr'><strong><em>per</em></strong></span> <span class='ocrx_word' id='word_1_21' title='bbox 698 546 986 594; x_wconf 84' lang='lat' dir='ltr'><strong><em>Wilhelmum</em></strong></span> <span class='ocrx_word' id='word_1_22' title='bbox 1014 548 1304 595; x_wconf 85' lang='lat' dir='ltr'><strong><em>Camdenum</em></strong></span> <span class='ocrx_word' id='word_1_23' title='bbox 1333 553 1374 594; x_wconf 88' lang='lat' dir='ltr'><strong><em>et</em></strong></span> <span class='ocrx_word' id='word_1_24' title='bbox 1399 549 1669 597; x_wconf 80' lang='lat' dir='ltr'><strong><em>Fabricium</em></strong></span> <span class='ocrx_word' id='word_1_25' title='bbox 1705 551 1761 598; x_wconf 89' lang='lat' dir='ltr'><strong><em>de</em></strong></span> <span class='ocrx_word' id='word_1_26' title='bbox 1785 552 1870 599; x_wconf 90' lang='lat' dir='ltr'><strong><em>Pe-</em></strong></span> 
     </span>
     <span class='ocr_line' id='line_1_5' title="bbox 411 611 1872 674; baseline 0.003 -14"><span class='ocrx_word' id='word_1_27' title='bbox 411 615 556 660; x_wconf 87' lang='lat' dir='ltr'><strong><em>trisco</em></strong></span> <span class='ocrx_word' id='word_1_28' title='bbox 583 613 826 674; x_wconf 71' lang='lat' dir='ltr'><strong><em>exemplar</em></strong></span> <span class='ocrx_word' id='word_1_29' title='bbox 851 616 1226 674; x_wconf 87' lang='lat' dir='ltr'><strong><em>manuscriptum</em></strong></span> <span class='ocrx_word' id='word_1_30' title='bbox 1247 611 1593 663; x_wconf 82' lang='lat' dir='ltr'><strong><em>transmissum.</em></strong></span> <span class='ocrx_word' id='word_1_31' title='bbox 1642 618 1809 666; x_wconf 74' lang='lat' dir='ltr'><strong><em>Teoetus</em></strong></span> <span class='ocrx_word' id='word_1_32' title='bbox 1829 623 1872 665; x_wconf 90' lang='lat' dir='ltr'><strong><em>et</em></strong></span> 
     </span>
     <span class='ocr_line' id='line_1_6' title="bbox 412 680 1869 741; baseline 0.003 -15"><span class='ocrx_word' id='word_1_33' title='bbox 412 695 620 727; x_wconf 78' lang='lat' dir='ltr'><em>rasuras</em></span> <span class='ocrx_word' id='word_1_34' title='bbox 647 680 828 741; x_wconf 84' lang='lat' dir='ltr'><strong><em>aliquot</em></strong></span> <span class='ocrx_word' id='word_1_35' title='bbox 853 684 897 726; x_wconf 91' lang='lat' dir='ltr'><strong><em>et</em></strong></span> <span class='ocrx_word' id='word_1_36' title='bbox 921 683 1238 727; x_wconf 78' lang='lat' dir='ltr'><strong><em>correctiones</em></strong></span> <span class='ocrx_word' id='word_1_37' title='bbox 1264 697 1412 728; x_wconf 87' lang='lat' dir='ltr'><strong><em>manu</em></strong></span> <span class='ocrx_word' id='word_1_38' title='bbox 1431 683 1610 729; x_wconf 85' lang='lat' dir='ltr'><strong><em>saeculi</em></strong></span> <span class='ocrx_word' id='word_1_39' title='bbox 1629 683 1770 731; x_wconf 91' lang='lat' dir='ltr'><em>XVII.</em></span> <span class='ocrx_word' id='word_1_40' title='bbox 1793 700 1869 731; x_wconf 72' lang='lat' dir='ltr'><strong><em>esc-</em></strong></span> 
     </span>
     <span class='ocr_line' id='line_1_7' title="bbox 411 746 1872 808; baseline 0.003 -16"><span class='ocrx_word' id='word_1_41' title='bbox 411 746 557 806; x_wconf 77' lang='lat' dir='ltr'><strong><em>hibet,</em></strong></span> <span class='ocrx_word' id='word_1_42' title='bbox 606 761 810 808; x_wconf 82' lang='lat' dir='ltr'><strong><em>quarum</em></strong></span> <span class='ocrx_word' id='word_1_43' title='bbox 854 747 963 794; x_wconf 87' lang='lat' dir='ltr'><strong><em>illas</em></strong></span> <span class='ocrx_word' id='word_1_44' title='bbox 995 749 1206 804; x_wconf 84' lang='lat' dir='ltr'><strong><em>fortasse</em></strong></span> <span class='ocrx_word' id='word_1_45' title='bbox 1244 748 1481 794; x_wconf 86' lang='lat' dir='ltr'><strong><em>monacho</em></strong></span> <span class='ocrx_word' id='word_1_46' title='bbox 1520 750 1710 796; x_wconf 87' lang='lat' dir='ltr'><strong><em>cuidam</em></strong></span> <span class='ocrx_word' id='word_1_47' title='bbox 1749 751 1872 798; x_wconf 88' lang='lat' dir='ltr'><strong><em>Can-</em></strong></span> 
     </span>
     <span class='ocr_line' id='line_1_8' title="bbox 414 813 1872 873; baseline 0.003 -15"><span class='ocrx_word' id='word_1_48' title='bbox 414 814 644 859; x_wconf 87' lang='lat' dir='ltr'><strong><em>tuariensi</em></strong></span> <span class='ocrx_word' id='word_1_49' title='bbox 677 813 971 873; x_wconf 78' lang='lat' dir='ltr'><strong><em>tribuendas,</em></strong></span> <span class='ocrx_word' id='word_1_50' title='bbox 1006 814 1095 860; x_wconf 88' lang='lat' dir='ltr'><strong><em>has</em></strong></span> <span class='ocrx_word' id='word_1_51' title='bbox 1131 829 1239 860; x_wconf 83' lang='lat' dir='ltr'><strong><em>vero</em></strong></span> <span class='ocrx_word' id='word_1_52' title='bbox 1276 818 1362 860; x_wconf 85' lang='lat' dir='ltr'><strong><em>aut</em></strong></span> <span class='ocrx_word' id='word_1_53' title='bbox 1388 815 1584 861; x_wconf 87' lang='lat' dir='ltr'><strong><em>Cottono</em></strong></span> <span class='ocrx_word' id='word_1_54' title='bbox 1622 821 1706 863; x_wconf 89' lang='lat' dir='ltr'><strong><em>aut</em></strong></span> <span class='ocrx_word' id='word_1_55' title='bbox 1732 818 1872 864; x_wconf 90' lang='lat' dir='ltr'><strong><em>Cam-</em></strong></span> 
     </span>
     <span class='ocr_line' id='line_1_9' title="bbox 415 880 1873 941; baseline 0.003 -15"><span class='ocrx_word' id='word_1_56' title='bbox 415 880 536 926; x_wconf 90' lang='lat' dir='ltr'><strong><em>deno</em></strong></span> <span class='ocrx_word' id='word_1_57' title='bbox 571 881 692 926; x_wconf 88' lang='lat' dir='ltr'><strong><em>inter</em></strong></span> <span class='ocrx_word' id='word_1_58' title='bbox 724 880 1088 941; x_wconf 74' lang='lat' dir='ltr'><strong><em>exemplandum</em></strong></span> <span class='ocrx_word' id='word_1_59' title='bbox 1117 883 1338 927; x_wconf 82' lang='lat' dir='ltr'><strong><em>arrisisse</em></strong></span> <span class='ocrx_word' id='word_1_60' title='bbox 1365 881 1662 928; x_wconf 82' lang='lat' dir='ltr'><strong><em>crediderim.</em></strong></span> <span class='ocrx_word' id='word_1_61' title='bbox 1713 884 1873 930; x_wconf 75' lang='lat' dir='ltr'><strong><em>Codex</em></strong></span> 
     </span>
     <span class='ocr_line' id='line_1_10' title="bbox 413 946 1872 1009; baseline 0.002 -16"><span class='ocrx_word' id='word_1_62' title='bbox 413 950 588 993; x_wconf 74' lang='lat' dir='ltr'><strong><em>textum</em></strong></span> <span class='ocrx_word' id='word_1_63' title='bbox 625 946 808 992; x_wconf 63' lang='lat' dir='ltr'><strong><em>exhibet</em></strong></span> <span class='ocrx_word' id='word_1_64' title='bbox 840 949 887 992; x_wconf 90' lang='lat' dir='ltr'><strong><em>in</em></strong></span> <span class='ocrx_word' id='word_1_65' title='bbox 922 948 1191 993; x_wconf 76' lang='lat' dir='ltr'><strong><em>universum</em></strong></span> <span class='ocrx_word' id='word_1_66' title='bbox 1226 947 1414 1007; x_wconf 76' lang='lat' dir='ltr'><strong><em>bonum,</em></strong></span> <span class='ocrx_word' id='word_1_67' title='bbox 1450 948 1534 994; x_wconf 88' lang='lat' dir='ltr'><strong><em>sed</em></strong></span> <span class='ocrx_word' id='word_1_68' title='bbox 1559 950 1636 1009; x_wconf 82' lang='lat' dir='ltr'><strong><em>qui</em></strong></span> <span class='ocrx_word' id='word_1_69' title='bbox 1660 965 1872 996; x_wconf 86' lang='lat' dir='ltr'><strong><em>nonnun-</em></strong></span> 
     </span>
     <span class='ocr_line' id='line_1_11' title="bbox 413 1013 1871 1075; baseline 0.003 -17"><span class='ocrx_word' id='word_1_70' title='bbox 413 1029 555 1075; x_wconf 83' lang='lat' dir='ltr'><strong><em>quam</em></strong></span> <span class='ocrx_word' id='word_1_71' title='bbox 583 1029 778 1059; x_wconf 87' lang='lat' dir='ltr'><strong><em>manum</em></strong></span> <span class='ocrx_word' id='word_1_72' title='bbox 805 1015 1089 1060; x_wconf 88' lang='lat' dir='ltr'><strong><em>correctoris</em></strong></span> <span class='ocrx_word' id='word_1_73' title='bbox 1109 1013 1362 1070; x_wconf 80' lang='lat' dir='ltr'><strong><em>desiderat,</em></strong></span> <span class='ocrx_word' id='word_1_74' title='bbox 1391 1017 1433 1059; x_wconf 90' lang='lat' dir='ltr'><strong><em>et</em></strong></span> <span class='ocrx_word' id='word_1_75' title='bbox 1453 1014 1638 1075; x_wconf 82' lang='lat' dir='ltr'><strong><em>qualem</em></strong></span> <span class='ocrx_word' id='word_1_76' title='bbox 1661 1031 1716 1061; x_wconf 69' lang='lat' dir='ltr'><strong><em>esc</em></strong></span> <span class='ocrx_word' id='word_1_77' title='bbox 1736 1021 1871 1063; x_wconf 86' lang='lat' dir='ltr'><strong><em>auto-</em></strong></span> 
     </span>
     <span class='ocr_line' id='line_1_12' title="bbox 411 1079 1876 1142; baseline 0.002 -16"><span class='ocrx_word' id='word_1_78' title='bbox 411 1079 599 1142; x_wconf 75' lang='lat' dir='ltr'><strong><em>yrapho</em></strong></span> <span class='ocrx_word' id='word_1_79' title='bbox 645 1081 1012 1141; x_wconf 86' lang='lat' dir='ltr'><strong><em>transscriptum</em></strong></span> <span class='ocrx_word' id='word_1_80' title='bbox 1056 1081 1203 1136; x_wconf 81' lang='lat' dir='ltr'><strong><em>fuisse</em></strong></span> <span class='ocrx_word' id='word_1_81' title='bbox 1249 1081 1506 1126; x_wconf 86' lang='lat' dir='ltr'><strong><em>aestimare</em></strong></span> <span class='ocrx_word' id='word_1_82' title='bbox 1542 1081 1658 1127; x_wconf 86' lang='lat' dir='ltr'><strong><em>licet.</em></strong></span> <span class='ocrx_word' id='word_1_83' title='bbox 1725 1082 1876 1129; x_wconf 82' lang='lat' dir='ltr'><strong><em>Haud</em></strong></span> 
     </span>
     <span class='ocr_line' id='line_1_13' title="bbox 410 1146 1875 1210; baseline 0.003 -18"><span class='ocrx_word' id='word_1_84' title='bbox 410 1163 572 1208; x_wconf 87' lang='lat' dir='ltr'><strong><em>pauca</em></strong></span> <span class='ocrx_word' id='word_1_85' title='bbox 607 1150 766 1193; x_wconf 90' lang='lat' dir='ltr'><strong><em>tamen</em></strong></span> <span class='ocrx_word' id='word_1_86' title='bbox 801 1147 1055 1194; x_wconf 79' lang='lat' dir='ltr'><strong><em>editionum</em></strong></span> <span class='ocrx_word' id='word_1_87' title='bbox 1085 1146 1377 1194; x_wconf 87' lang='lat' dir='ltr'><strong><em>Chesnianae</em></strong></span> <span class='ocrx_word' id='word_1_88' title='bbox 1412 1151 1456 1192; x_wconf 91' lang='lat' dir='ltr'><strong><em>et</em></strong></span> <span class='ocrx_word' id='word_1_89' title='bbox 1477 1147 1875 1210; x_wconf 73' lang='lat' dir='ltr'><strong><em>Lctnqebehicencie</em></strong></span> 
     </span>
     <span class='ocr_line' id='line_1_14' title="bbox 414 1213 1874 1276; baseline 0.002 -17"><span class='ocrx_word' id='word_1_90' title='bbox 414 1213 524 1259; x_wconf 85' lang='lat' dir='ltr'><strong><em>loca</em></strong></span> <span class='ocrx_word' id='word_1_91' title='bbox 555 1213 788 1260; x_wconf 87' lang='lat' dir='ltr'><strong><em>mendosa</em></strong></span> <span class='ocrx_word' id='word_1_92' title='bbox 824 1215 927 1275; x_wconf 88' lang='lat' dir='ltr'><strong><em>ipso</em></strong></span> <span class='ocrx_word' id='word_1_93' title='bbox 955 1213 1116 1260; x_wconf 85' lang='lat' dir='ltr'><strong><em>codice</em></strong></span> <span class='ocrx_word' id='word_1_94' title='bbox 1142 1214 1352 1260; x_wconf 89' lang='lat' dir='ltr'><strong><em>adhibito</em></strong></span> <span class='ocrx_word' id='word_1_95' title='bbox 1378 1213 1451 1259; x_wconf 90' lang='lat' dir='ltr'><strong><em>hic</em></strong></span> <span class='ocrx_word' id='word_1_96' title='bbox 1478 1215 1730 1261; x_wconf 86' lang='lat' dir='ltr'><strong><em>emendata</em></strong></span> <span class='ocrx_word' id='word_1_97' title='bbox 1757 1232 1874 1276; x_wconf 80' lang='lat' dir='ltr'><strong><em>esse,</em></strong></span> 
     </span>
     <span class='ocr_line' id='line_1_15' title="bbox 413 1279 1873 1341; baseline 0.002 -15"><span class='ocrx_word' id='word_1_98' title='bbox 413 1279 558 1336; x_wconf 81' lang='lat' dir='ltr'><strong><em>facile</em></strong></span> <span class='ocrx_word' id='word_1_99' title='bbox 589 1281 787 1341; x_wconf 85' lang='lat' dir='ltr'><strong><em>patebit.</em></strong></span> <span class='ocrx_word' id='word_1_100' title='bbox 838 1281 1051 1327; x_wconf 87' lang='lat' dir='ltr'><strong><em>Ceterum</em></strong></span> <span class='ocrx_word' id='word_1_101' title='bbox 1080 1281 1266 1327; x_wconf 88' lang='lat' dir='ltr'><strong><em>Cottoni</em></strong></span> <span class='ocrx_word' id='word_1_102' title='bbox 1300 1285 1507 1341; x_wconf 87' lang='lat' dir='ltr'><strong><em>tempore</em></strong></span> <span class='ocrx_word' id='word_1_103' title='bbox 1542 1282 1873 1330; x_wconf 80' lang='lat' dir='ltr'><strong><em>membranula</em></strong></span> 
     </span>
     <span class='ocr_line' id='line_1_16' title="bbox 415 1347 1873 1408; baseline 0.002 -15"><span class='ocrx_word' id='word_1_104' title='bbox 415 1348 561 1393; x_wconf 70' lang='lat' dir='ltr'><strong><em>textui</em></strong></span> <span class='ocrx_word' id='word_1_105' title='bbox 587 1351 755 1393; x_wconf 87' lang='lat' dir='ltr'><strong><em>assuta</em></strong></span> <span class='ocrx_word' id='word_1_106' title='bbox 782 1348 987 1393; x_wconf 72' lang='lat' dir='ltr'><strong><em>eoetitisse</em></strong></span> <span class='ocrx_word' id='word_1_107' title='bbox 1013 1347 1210 1407; x_wconf 79' lang='lat' dir='ltr'><strong><em>videtur,</em></strong></span> <span class='ocrx_word' id='word_1_108' title='bbox 1248 1348 1380 1392; x_wconf 85' lang='lat' dir='ltr'><strong><em>cuius</em></strong></span> <span class='ocrx_word' id='word_1_109' title='bbox 1405 1351 1558 1392; x_wconf 68' lang='lat' dir='ltr'><strong><em>textus</em></strong></span> <span class='ocrx_word' id='word_1_110' title='bbox 1584 1348 1714 1408; x_wconf 85' lang='lat' dir='ltr'><strong><em>apud</em></strong></span> <span class='ocrx_word' id='word_1_111' title='bbox 1739 1348 1873 1396; x_wconf 87' lang='lat' dir='ltr'><strong><em>Ches-</em></strong></span> 
     </span>
     <span class='ocr_line' id='line_1_17' title="bbox 414 1413 1872 1477; baseline 0.001 -17"><span class='ocrx_word' id='word_1_112' title='bbox 414 1415 541 1460; x_wconf 87' lang='lat' dir='ltr'><strong><em>nium</em></strong></span> <span class='ocrx_word' id='word_1_113' title='bbox 577 1413 802 1475; x_wconf 77' lang='lat' dir='ltr'><strong><em>habetur,</em></strong></span> <span class='ocrx_word' id='word_1_114' title='bbox 839 1413 977 1460; x_wconf 85' lang='lat' dir='ltr'><strong><em>hodie</em></strong></span> <span class='ocrx_word' id='word_1_115' title='bbox 1014 1428 1124 1460; x_wconf 86' lang='lat' dir='ltr'><strong><em>vero</em></strong></span> <span class='ocrx_word' id='word_1_116' title='bbox 1160 1413 1482 1474; x_wconf 71' lang='lat' dir='ltr'><strong><em>desideratur,</em></strong></span> <span class='ocrx_word' id='word_1_117' title='bbox 1520 1413 1714 1476; x_wconf 79' lang='lat' dir='ltr'><strong><em>ideoque</em></strong></span> <span class='ocrx_word' id='word_1_118' title='bbox 1750 1415 1872 1477; x_wconf 81' lang='lat' dir='ltr'><strong><em>inde,</em></strong></span> 
     </span>
     <span class='ocr_line' id='line_1_18' title="bbox 416 1479 1874 1543; baseline 0.001 -16"><span class='ocrx_word' id='word_1_119' title='bbox 416 1480 628 1527; x_wconf 88' lang='lat' dir='ltr'><strong><em>adhibito</em></strong></span> <span class='ocrx_word' id='word_1_120' title='bbox 656 1496 839 1543; x_wconf 85' lang='lat' dir='ltr'><strong><em>quoque</em></strong></span> <span class='ocrx_word' id='word_1_121' title='bbox 864 1480 1025 1526; x_wconf 90' lang='lat' dir='ltr'><strong><em>codice</em></strong></span> <span class='ocrx_word' id='word_1_122' title='bbox 1052 1480 1203 1526; x_wconf 89' lang='lat' dir='ltr'><strong><em>altero</em></strong></span> <span class='ocrx_word' id='word_1_123' title='bbox 1231 1481 1418 1540; x_wconf 79' lang='lat' dir='ltr'><strong><em>recenti,</em></strong></span> <span class='ocrx_word' id='word_1_124' title='bbox 1457 1479 1647 1527; x_wconf 86' lang='lat' dir='ltr'><strong><em>editioni</em></strong></span> <span class='ocrx_word' id='word_1_125' title='bbox 1679 1486 1874 1529; x_wconf 85' lang='lat' dir='ltr'><strong><em>nostrae</em></strong></span> 
     </span>
     <span class='ocr_line' id='line_1_19' title="bbox 414 1547 1873 1608; baseline 0 -14"><span class='ocrx_word' id='word_1_126' title='bbox 414 1547 692 1594; x_wconf 86' lang='lat' dir='ltr'><strong><em>inserendus</em></strong></span> <span class='ocrx_word' id='word_1_127' title='bbox 707 1552 825 1594; x_wconf 88' lang='lat' dir='ltr'><strong><em>erat.</em></strong></span> <span class='ocrx_word' id='word_1_128' title='bbox 842 1576 908 1581; x_wconf 90' lang='lat'><strong><em>———</em></strong></span> <span class='ocrx_word' id='word_1_129' title='bbox 924 1547 1134 1593; x_wconf 85' lang='lat' dir='ltr'><strong><em>Primam</em></strong></span> <span class='ocrx_word' id='word_1_130' title='bbox 1149 1548 1380 1608; x_wconf 72' lang='lat' dir='ltr'><strong><em>payinam</em></strong></span> <span class='ocrx_word' id='word_1_131' title='bbox 1393 1548 1582 1607; x_wconf 79' lang='lat' dir='ltr'><strong><em>pictura</em></strong></span> <span class='ocrx_word' id='word_1_132' title='bbox 1600 1548 1751 1607; x_wconf 68' lang='lat' dir='ltr'><strong><em>explet</em></strong></span> <span class='ocrx_word' id='word_1_133' title='bbox 1761 1548 1873 1594; x_wconf 86' lang='lat' dir='ltr'><strong><em>Em-</em></strong></span> 
     </span>
     <span class='ocr_line' id='line_1_20' title="bbox 414 1613 1873 1676; baseline 0 -15"><span class='ocrx_word' id='word_1_134' title='bbox 414 1630 526 1661; x_wconf 87' lang='lat' dir='ltr'><strong><em>mae</em></strong></span> <span class='ocrx_word' id='word_1_135' title='bbox 552 1616 746 1676; x_wconf 75' lang='lat' dir='ltr'><strong><em>reyinae</em></strong></span> <span class='ocrx_word' id='word_1_136' title='bbox 773 1614 1076 1661; x_wconf 82' lang='lat' dir='ltr'><strong><em>adstantibus</em></strong></span> <span class='ocrx_word' id='word_1_137' title='bbox 1100 1613 1206 1671; x_wconf 80' lang='lat' dir='ltr'><strong><em>filiis</em></strong></span> <span class='ocrx_word' id='word_1_138' title='bbox 1230 1613 1552 1660; x_wconf 83' lang='lat' dir='ltr'><strong><em>Hardacnuto</em></strong></span> <span class='ocrx_word' id='word_1_139' title='bbox 1580 1619 1623 1659; x_wconf 91' lang='lat' dir='ltr'><strong><em>et</em></strong></span> <span class='ocrx_word' id='word_1_140' title='bbox 1639 1614 1873 1662; x_wconf 88' lang='lat' dir='ltr'><strong><em>Eduardo</em></strong></span> 
     </span>
     <span class='ocr_line' id='line_1_21' title="bbox 415 1679 1872 1742; baseline 0.001 -15"><span class='ocrx_word' id='word_1_141' title='bbox 415 1683 461 1727; x_wconf 92' lang='lat' dir='ltr'><strong><em>in</em></strong></span> <span class='ocrx_word' id='word_1_142' title='bbox 481 1681 601 1728; x_wconf 91' lang='lat' dir='ltr'><strong><em>solio</em></strong></span> <span class='ocrx_word' id='word_1_143' title='bbox 622 1682 752 1742; x_wconf 75' lang='lat' dir='ltr'><strong><em>reyio</em></strong></span> <span class='ocrx_word' id='word_1_144' title='bbox 773 1680 976 1727; x_wconf 89' lang='lat' dir='ltr'><strong><em>sedentis</em></strong></span> <span class='ocrx_word' id='word_1_145' title='bbox 997 1684 1137 1741; x_wconf 82' lang='lat' dir='ltr'><strong><em>atque</em></strong></span> <span class='ocrx_word' id='word_1_146' title='bbox 1157 1680 1324 1725; x_wconf 82' lang='lat' dir='ltr'><strong><em>librum</em></strong></span> <span class='ocrx_word' id='word_1_147' title='bbox 1347 1679 1406 1725; x_wconf 89' lang='lat' dir='ltr'><strong><em>ab</em></strong></span> <span class='ocrx_word' id='word_1_148' title='bbox 1430 1684 1624 1726; x_wconf 72' lang='lat' dir='ltr'><strong><em>(uictore</em></strong></span> <span class='ocrx_word' id='word_1_149' title='bbox 1637 1681 1872 1729; x_wconf 87' lang='lat' dir='ltr'><strong><em>monacho</em></strong></span> 
     </span>
     <span class='ocr_line' id='line_1_22' title="bbox 415 1747 1582 1810; baseline -0.003 -15"><span class='ocrx_word' id='word_1_150' title='bbox 415 1763 538 1810; x_wconf 73' lang='lat' dir='ltr'><strong><em>qenu</em></strong></span> <span class='ocrx_word' id='word_1_151' title='bbox 560 1749 768 1803; x_wconf 79' lang='lat' dir='ltr'><strong><em>flectente</em></strong></span> <span class='ocrx_word' id='word_1_152' title='bbox 793 1747 882 1794; x_wconf 83' lang='lat' dir='ltr'><strong><em>sibi</em></strong></span> <span class='ocrx_word' id='word_1_153' title='bbox 903 1751 1174 1807; x_wconf 85' lang='lat' dir='ltr'><strong><em>porrectum</em></strong></span> <span class='ocrx_word' id='word_1_154' title='bbox 1201 1761 1348 1791; x_wconf 85' lang='lat' dir='ltr'><strong><em>manu</em></strong></span> <span class='ocrx_word' id='word_1_155' title='bbox 1374 1748 1582 1793; x_wconf 83' lang='lat' dir='ltr'><strong><em>tenentis.</em></strong></span> 
     </span>
    </p>

    <p class='ocr_par' dir='ltr' id='par_1_3' title="bbox 552 1812 1484 1875">
     <span class='ocr_line' id='line_1_23' title="bbox 552 1812 1484 1875; baseline -0.003 -14"><span class='ocrx_word' id='word_1_156' title='bbox 552 1814 763 1861; x_wconf 87' lang='lat' dir='ltr'><strong><em>Editioni</em></strong></span> <span class='ocrx_word' id='word_1_157' title='bbox 787 1819 983 1861; x_wconf 87' lang='lat' dir='ltr'><strong><em>nostrae</em></strong></span> <span class='ocrx_word' id='word_1_158' title='bbox 1003 1818 1260 1875; x_wconf 83' lang='lat' dir='ltr'><strong><em>praeterea</em></strong></span> <span class='ocrx_word' id='word_1_159' title='bbox 1287 1812 1484 1858; x_wconf 81' lang='lat' dir='ltr'><strong><em>adhibui</em></strong></span> 
     </span>
    </p>

    <p class='ocr_par' dir='ltr' id='par_1_4' title="bbox 412 1879 1877 2876">
     <span class='ocr_line' id='line_1_24' title="bbox 553 1879 1877 1942; baseline -0.002 -13"><span class='ocrx_word' id='word_1_160' title='bbox 553 1882 605 1942; x_wconf 82' lang='lat'><strong><em>2)</em></strong></span> <span class='ocrx_word' id='word_1_161' title='bbox 630 1881 848 1928; x_wconf 85' lang='lat' dir='ltr'><strong><em>Codicem</em></strong></span> <span class='ocrx_word' id='word_1_162' title='bbox 868 1880 1175 1927; x_wconf 81' lang='lat' dir='ltr'><strong><em>bibliothecae</em></strong></span> <span class='ocrx_word' id='word_1_163' title='bbox 1193 1879 1451 1940; x_wconf 83' lang='lat' dir='ltr'><strong><em>imperialis</em></strong></span> <span class='ocrx_word' id='word_1_164' title='bbox 1464 1879 1760 1927; x_wconf 88' lang='lat' dir='ltr'><strong><em>Parisiensis.</em></strong></span> <span class='ocrx_word' id='word_1_165' title='bbox 1787 1880 1877 1927; x_wconf 81' lang='lat' dir='ltr'><strong><em>Est</em></strong></span> 
     </span>
     <span class='ocr_line' id='line_1_25' title="bbox 415 1946 1873 2007; baseline -0.001 -13"><span class='ocrx_word' id='word_1_166' title='bbox 415 1948 812 1996; x_wconf 84' lang='lat' dir='ltr'><strong><em>membranaceus</em></strong></span> <span class='ocrx_word' id='word_1_167' title='bbox 830 1950 877 1994; x_wconf 92' lang='lat' dir='ltr'><strong><em>in</em></strong></span> <span class='ocrx_word' id='word_1_168' title='bbox 892 1950 941 1994; x_wconf 83' lang='lat'><strong><em>8⁰</em></strong></span> <span class='ocrx_word' id='word_1_169' title='bbox 956 1947 1027 1994; x_wconf 87' lang='lat' dir='ltr'><strong><em>vel</em></strong></span> <span class='ocrx_word' id='word_1_170' title='bbox 1037 1947 1153 2004; x_wconf 82' lang='lat' dir='ltr'><strong><em>folio</em></strong></span> <span class='ocrx_word' id='word_1_171' title='bbox 1171 1947 1358 2007; x_wconf 80' lang='lat' dir='ltr'><strong><em>minori,</em></strong></span> <span class='ocrx_word' id='word_1_172' title='bbox 1371 1946 1562 1993; x_wconf 86' lang='lat' dir='ltr'><strong><em>saeculo</em></strong></span> <span class='ocrx_word' id='word_1_173' title='bbox 1575 1947 1617 1993; x_wconf 88' lang='lat' dir='ltr'><em>X</em></span> <span class='ocrx_word' id='word_1_174' title='bbox 1626 1947 1668 1993; x_wconf 87' lang='lat' dir='ltr'><strong><em>V.</em></strong></span> <span class='ocrx_word' id='word_1_175' title='bbox 1681 1952 1873 1994; x_wconf 73' lang='lat' dir='ltr'><strong><em>exeunte</em></strong></span> 
     </span>
     <span class='ocr_line' id='line_1_26' title="bbox 416 2011 1873 2077; baseline -0.001 -16"><span class='ocrx_word' id='word_1_176' title='bbox 416 2031 579 2077; x_wconf 79' lang='lat' dir='ltr'><strong><em>parva</em></strong></span> <span class='ocrx_word' id='word_1_177' title='bbox 607 2015 764 2062; x_wconf 84' lang='lat' dir='ltr'><strong><em>littera</em></strong></span> <span class='ocrx_word' id='word_1_178' title='bbox 786 2011 1032 2073; x_wconf 73' lang='lat' dir='ltr'><strong><em>exaratus,</em></strong></span> <span class='ocrx_word' id='word_1_179' title='bbox 1061 2014 1169 2059; x_wconf 87' lang='lat' dir='ltr'><strong><em>olim</em></strong></span> <span class='ocrx_word' id='word_1_180' title='bbox 1193 2014 1342 2059; x_wconf 87' lang='lat' dir='ltr'><strong><em>armis</em></strong></span> <span class='ocrx_word' id='word_1_181' title='bbox 1363 2017 1407 2058; x_wconf 86' lang='lat' dir='ltr'><strong><em>et</em></strong></span> <span class='ocrx_word' id='word_1_182' title='bbox 1424 2014 1724 2075; x_wconf 77' lang='lat' dir='ltr'><strong><em>inscriptione</em></strong></span> <span class='ocrx_word' id='word_1_183' title='bbox 1749 2016 1873 2060; x_wconf 86' lang='lat' dir='ltr'><strong><em>testi-</em></strong></span> 
     </span>
     <span class='ocr_line' id='line_1_27' title="bbox 418 2079 1873 2141; baseline -0.001 -13"><span class='ocrx_word' id='word_1_184' title='bbox 418 2083 504 2128; x_wconf 90' lang='lat' dir='ltr'><strong><em>bus</em></strong></span> <span class='ocrx_word' id='word_1_185' title='bbox 529 2082 785 2128; x_wconf 86' lang='lat' dir='ltr'><strong><em>clarissimi</em></strong></span> <span class='ocrx_word' id='word_1_186' title='bbox 806 2082 895 2127; x_wconf 89' lang='lat' dir='ltr'><strong><em>viri</em></strong></span> <span class='ocrx_word' id='word_1_187' title='bbox 914 2081 978 2128; x_wconf 88' lang='lat' dir='ltr'><strong><em>W.</em></strong></span> <span class='ocrx_word' id='word_1_188' title='bbox 999 2080 1120 2128; x_wconf 87' lang='lat' dir='ltr'><strong><em>Cecil</em></strong></span> <span class='ocrx_word' id='word_1_189' title='bbox 1143 2079 1199 2126; x_wconf 84' lang='lat' dir='ltr'><strong><em>de</em></strong></span> <span class='ocrx_word' id='word_1_190' title='bbox 1223 2079 1504 2140; x_wconf 75' lang='lat' dir='ltr'><strong><em>Buryhleye‚</em></strong></span> <span class='ocrx_word' id='word_1_191' title='bbox 1523 2084 1695 2141; x_wconf 85' lang='lat' dir='ltr'><strong><em>postea</em></strong></span> <span class='ocrx_word' id='word_1_192' title='bbox 1713 2080 1873 2126; x_wconf 88' lang='lat' dir='ltr'><strong><em>biblio-</em></strong></span> 
     </span>
     <span class='ocr_line' id='line_1_28' title="bbox 416 2145 1872 2208; baseline -0.001 -13"><span class='ocrx_word' id='word_1_193' title='bbox 416 2148 580 2195; x_wconf 82' lang='lat' dir='ltr'><strong><em>thecae</em></strong></span> <span class='ocrx_word' id='word_1_194' title='bbox 616 2148 912 2196; x_wconf 87' lang='lat' dir='ltr'><strong><em>Colbertinae</em></strong></span> <span class='ocrx_word' id='word_1_195' title='bbox 950 2152 994 2194; x_wconf 88' lang='lat' dir='ltr'><strong><em>et</em></strong></span> <span class='ocrx_word' id='word_1_196' title='bbox 1034 2145 1339 2193; x_wconf 88' lang='lat' dir='ltr'><strong><em>bibliothecae</em></strong></span> <span class='ocrx_word' id='word_1_197' title='bbox 1383 2148 1542 2208; x_wconf 71' lang='lat' dir='ltr'><strong><em>reyiae</em></strong></span> <span class='ocrx_word' id='word_1_198' title='bbox 1574 2147 1872 2208; x_wconf 77' lang='lat' dir='ltr'><strong><em>Parisiensis,</em></strong></span> 
     </span>
     <span class='ocr_line' id='line_1_29' title="bbox 417 2213 1874 2275; baseline -0.001 -14"><span class='ocrx_word' id='word_1_199' title='bbox 417 2217 551 2262; x_wconf 87' lang='lat' dir='ltr'><strong><em>cuius</em></strong></span> <span class='ocrx_word' id='word_1_200' title='bbox 575 2217 696 2261; x_wconf 89' lang='lat' dir='ltr'><strong><em>inter</em></strong></span> <span class='ocrx_word' id='word_1_201' title='bbox 720 2216 918 2261; x_wconf 87' lang='lat' dir='ltr'><strong><em>Latinos</em></strong></span> <span class='ocrx_word' id='word_1_202' title='bbox 943 2214 1080 2261; x_wconf 90' lang='lat' dir='ltr'><strong><em>hodie</em></strong></span> <span class='ocrx_word' id='word_1_203' title='bbox 1105 2229 1300 2260; x_wconf 85' lang='lat' dir='ltr'><strong><em>numero</em></strong></span> <span class='ocrx_word' id='word_1_204' title='bbox 1322 2213 1452 2261; x_wconf 77' lang='lat'>6235</span> <span class='ocrx_word' id='word_1_205' title='bbox 1478 2215 1709 2275; x_wconf 73' lang='lat' dir='ltr'><strong><em>siynatur.</em></strong></span> <span class='ocrx_word' id='word_1_206' title='bbox 1754 2215 1874 2261; x_wconf 88' lang='lat' dir='ltr'><strong><em>Con-</em></strong></span> 
     </span>
     <span class='ocr_line' id='line_1_30' title="bbox 415 2279 1874 2344; baseline -0.002 -15"><span class='ocrx_word' id='word_1_207' title='bbox 415 2284 530 2329; x_wconf 83' lang='lat' dir='ltr'><strong><em>tinet</em></strong></span> <span class='ocrx_word' id='word_1_208' title='bbox 548 2287 770 2344; x_wconf 71' lang='lat' dir='ltr'><strong><em>eoecerpta</em></strong></span> <span class='ocrx_word' id='word_1_209' title='bbox 786 2281 1022 2343; x_wconf 74' lang='lat' dir='ltr'><strong><em>quciedam</em></strong></span> <span class='ocrx_word' id='word_1_210' title='bbox 1039 2281 1368 2327; x_wconf 83' lang='lat' dir='ltr'><strong><em>historicorum</em></strong></span> <span class='ocrx_word' id='word_1_211' title='bbox 1383 2279 1702 2342; x_wconf 73' lang='lat' dir='ltr'><strong><em>Anthrum,</em></strong></span> <span class='ocrx_word' id='word_1_212' title='bbox 1721 2281 1874 2342; x_wconf 87' lang='lat' dir='ltr'><strong><em>ibique</em></strong></span> 
     </span>
     <span class='ocr_line' id='line_1_31' title="bbox 412 2346 1872 2412; baseline -0.002 -17"><span class='ocrx_word' id='word_1_213' title='bbox 412 2349 542 2405; x_wconf 81' lang='lat' dir='ltr'><strong><em>foliis</em></strong></span> <span class='ocrx_word' id='word_1_214' title='bbox 561 2351 726 2396; x_wconf 80' lang='lat'>7—14</span> <span class='ocrx_word' id='word_1_215' title='bbox 747 2349 1026 2412; x_wconf 68' lang='lat' dir='ltr'><strong><em>„Excerpta</em></strong></span> <span class='ocrx_word' id='word_1_216' title='bbox 1048 2364 1107 2394; x_wconf 88' lang='lat' dir='ltr'><strong><em>ex</em></strong></span> <span class='ocrx_word' id='word_1_217' title='bbox 1130 2346 1306 2394; x_wconf 63' lang='lat' dir='ltr'><strong><em>Gilda-⁶⁶</em></strong></span> <span class='ocrx_word' id='word_1_218' title='bbox 1327 2351 1596 2407; x_wconf 80' lang='lat' dir='ltr'><strong><em>occurrunt,</em></strong></span> <span class='ocrx_word' id='word_1_219' title='bbox 1624 2363 1714 2408; x_wconf 86' lang='lat' dir='ltr'><strong><em>quo</em></strong></span> <span class='ocrx_word' id='word_1_220' title='bbox 1739 2347 1872 2393; x_wconf 86' lang='lat' dir='ltr'><strong><em>titulo</em></strong></span> 
     </span>
     <span class='ocr_line' id='line_1_32' title="bbox 415 2414 1873 2477; baseline -0.003 -15"><span class='ocrx_word' id='word_1_221' title='bbox 415 2416 652 2477; x_wconf 84' lang='lat' dir='ltr'><strong><em>quaedam</em></strong></span> <span class='ocrx_word' id='word_1_222' title='bbox 671 2417 918 2463; x_wconf 85' lang='lat' dir='ltr'><strong><em>Gestorum</em></strong></span> <span class='ocrx_word' id='word_1_223' title='bbox 942 2416 1166 2462; x_wconf 86' lang='lat' dir='ltr'><strong><em>Cnutonis</em></strong></span> <span class='ocrx_word' id='word_1_224' title='bbox 1182 2429 1302 2474; x_wconf 86' lang='lat' dir='ltr'><strong><em>pars</em></strong></span> <span class='ocrx_word' id='word_1_225' title='bbox 1321 2417 1417 2459; x_wconf 86' lang='lat' dir='ltr'><strong><em>tum</em></strong></span> <span class='ocrx_word' id='word_1_226' title='bbox 1439 2414 1755 2475; x_wconf 83' lang='lat' dir='ltr'><strong><em>transscripta</em></strong></span> <span class='ocrx_word' id='word_1_227' title='bbox 1775 2418 1873 2460; x_wconf 85' lang='lat' dir='ltr'><strong><em>tum</em></strong></span> 
     </span>
     <span class='ocr_line' id='line_1_33' title="bbox 415 2479 1875 2543; baseline -0.001 -15"><span class='ocrx_word' id='word_1_228' title='bbox 415 2483 575 2528; x_wconf 80' lang='lat' dir='ltr'><strong><em>leviter</em></strong></span> <span class='ocrx_word' id='word_1_229' title='bbox 594 2487 815 2543; x_wconf 72' lang='lat' dir='ltr'><strong><em>excerpta</em></strong></span> <span class='ocrx_word' id='word_1_230' title='bbox 837 2481 1051 2540; x_wconf 75' lang='lat' dir='ltr'><strong><em>habetur,</em></strong></span> <span class='ocrx_word' id='word_1_231' title='bbox 1071 2485 1198 2527; x_wconf 69' lang='lat' dir='ltr'><strong><em>textu</em></strong></span> <span class='ocrx_word' id='word_1_232' title='bbox 1219 2479 1502 2541; x_wconf 68' lang='lat' dir='ltr'><strong><em>neqliqenter</em></strong></span> <span class='ocrx_word' id='word_1_233' title='bbox 1521 2479 1681 2526; x_wconf 82' lang='lat' dir='ltr'><strong><em>habito</em></strong></span> <span class='ocrx_word' id='word_1_234' title='bbox 1696 2484 1738 2526; x_wconf 90' lang='lat' dir='ltr'><strong><em>et</em></strong></span> <span class='ocrx_word' id='word_1_235' title='bbox 1756 2481 1875 2526; x_wconf 87' lang='lat' dir='ltr'><strong><em>vitiis</em></strong></span> 
     </span>
     <span class='ocr_line' id='line_1_34' title="bbox 414 2546 1874 2611; baseline -0.001 -16"><span class='ocrx_word' id='word_1_236' title='bbox 414 2549 568 2610; x_wconf 80' lang='lat' dir='ltr'><strong><em>pleno,</em></strong></span> <span class='ocrx_word' id='word_1_237' title='bbox 597 2551 676 2611; x_wconf 84' lang='lat' dir='ltr'><strong><em>qui</em></strong></span> <span class='ocrx_word' id='word_1_238' title='bbox 699 2553 858 2595; x_wconf 88' lang='lat' dir='ltr'><strong><em>tamen</em></strong></span> <span class='ocrx_word' id='word_1_239' title='bbox 883 2548 986 2594; x_wconf 82' lang='lat' dir='ltr'><strong><em>loco</em></strong></span> <span class='ocrx_word' id='word_1_240' title='bbox 1007 2547 1145 2593; x_wconf 89' lang='lat' dir='ltr'><strong><em>hodie</em></strong></span> <span class='ocrx_word' id='word_1_241' title='bbox 1165 2548 1211 2592; x_wconf 89' lang='lat' dir='ltr'><strong><em>in</em></strong></span> <span class='ocrx_word' id='word_1_242' title='bbox 1233 2546 1391 2592; x_wconf 84' lang='lat' dir='ltr'><strong><em>codice</em></strong></span> <span class='ocrx_word' id='word_1_243' title='bbox 1413 2546 1772 2593; x_wconf 82' lang='lat' dir='ltr'><strong><em>Hamiltoniano</em></strong></span> <span class='ocrx_word' id='word_1_244' title='bbox 1795 2546 1874 2594; x_wconf 88' lang='lat' dir='ltr'><strong><em>de-</em></strong></span> 
     </span>
     <span class='ocr_line' id='line_1_35' title="bbox 417 2614 1875 2676; baseline -0.001 -14"><span class='ocrx_word' id='word_1_245' title='bbox 417 2616 628 2662; x_wconf 89' lang='lat' dir='ltr'><strong><em>siderato</em></strong></span> <span class='ocrx_word' id='word_1_246' title='bbox 656 2615 942 2663; x_wconf 88' lang='lat' dir='ltr'><strong><em>restituendo</em></strong></span> <span class='ocrx_word' id='word_1_247' title='bbox 971 2614 1186 2661; x_wconf 86' lang='lat' dir='ltr'><strong><em>adhiberi</em></strong></span> <span class='ocrx_word' id='word_1_248' title='bbox 1207 2617 1375 2676; x_wconf 85' lang='lat' dir='ltr'><strong><em>potest.</em></strong></span> <span class='ocrx_word' id='word_1_249' title='bbox 1446 2614 1602 2660; x_wconf 83' lang='lat' dir='ltr'><strong><em>Lectio</em></strong></span> <span class='ocrx_word' id='word_1_250' title='bbox 1623 2615 1670 2660; x_wconf 92' lang='lat' dir='ltr'><strong><em>in</em></strong></span> <span class='ocrx_word' id='word_1_251' title='bbox 1689 2615 1875 2660; x_wconf 84' lang='lat' dir='ltr'><strong><em>univer-</em></strong></span> 
     </span>
     <span class='ocr_line' id='line_1_36' title="bbox 418 2681 1876 2743; baseline -0.003 -14"><span class='ocrx_word' id='word_1_252' title='bbox 418 2699 521 2729; x_wconf 87' lang='lat' dir='ltr'><strong><em>sum</em></strong></span> <span class='ocrx_word' id='word_1_253' title='bbox 548 2685 616 2729; x_wconf 90' lang='lat' dir='ltr'><strong><em>ita</em></strong></span> <span class='ocrx_word' id='word_1_254' title='bbox 643 2687 890 2743; x_wconf 76' lang='lat' dir='ltr'><strong><em>corrupta,</em></strong></span> <span class='ocrx_word' id='word_1_255' title='bbox 916 2685 968 2728; x_wconf 89' lang='lat' dir='ltr'><strong><em>ut</em></strong></span> <span class='ocrx_word' id='word_1_256' title='bbox 984 2681 1256 2742; x_wconf 83' lang='lat' dir='ltr'><strong><em>plerumque</em></strong></span> <span class='ocrx_word' id='word_1_257' title='bbox 1277 2696 1369 2726; x_wconf 88' lang='lat' dir='ltr'><strong><em>non</em></strong></span> <span class='ocrx_word' id='word_1_258' title='bbox 1390 2681 1478 2727; x_wconf 87' lang='lat' dir='ltr'><strong><em>nisi</em></strong></span> <span class='ocrx_word' id='word_1_259' title='bbox 1496 2681 1756 2741; x_wconf 82' lang='lat' dir='ltr'><strong><em>specimina</em></strong></span> <span class='ocrx_word' id='word_1_260' title='bbox 1777 2681 1876 2726; x_wconf 85' lang='lat' dir='ltr'><strong><em>eius</em></strong></span> 
     </span>
     <span class='ocr_line' id='line_1_37' title="bbox 419 2747 1875 2805; baseline -0.003 -9"><span class='ocrx_word' id='word_1_261' title='bbox 419 2751 722 2797; x_wconf 89' lang='lat' dir='ltr'><strong><em>annotationi</em></strong></span> <span class='ocrx_word' id='word_1_262' title='bbox 739 2751 932 2796; x_wconf 89' lang='lat' dir='ltr'><strong><em>criticae</em></strong></span> <span class='ocrx_word' id='word_1_263' title='bbox 950 2750 1126 2804; x_wconf 82' lang='lat' dir='ltr'><strong><em>inferre</em></strong></span> <span class='ocrx_word' id='word_1_264' title='bbox 1139 2749 1286 2794; x_wconf 86' lang='lat' dir='ltr'><strong><em>visum</em></strong></span> <span class='ocrx_word' id='word_1_265' title='bbox 1302 2748 1469 2805; x_wconf 74' lang='lat' dir='ltr'><strong><em>faerit5</em></strong></span> <span class='ocrx_word' id='word_1_266' title='bbox 1490 2748 1730 2794; x_wconf 80' lang='lat' dir='ltr'><strong><em>nom-inum</em></strong></span> <span class='ocrx_word' id='word_1_267' title='bbox 1749 2747 1875 2793; x_wconf 83' lang='lat' dir='ltr'><strong><em>ratio</em></strong></span> 
     </span>
     <span class='ocr_line' id='line_1_38' title="bbox 419 2812 1875 2876; baseline -0.003 -12"><span class='ocrx_word' id='word_1_268' title='bbox 419 2819 574 2876; x_wconf 80' lang='lat' dir='ltr'><strong><em>varia,</em></strong></span> <span class='ocrx_word' id='word_1_269' title='bbox 611 2832 695 2864; x_wconf 74' lang='lat' dir='ltr'><strong><em>rex</em></strong></span> <span class='ocrx_word' id='word_1_270' title='bbox 730 2819 777 2863; x_wconf 88' lang='lat' dir='ltr'><strong><em>in</em></strong></span> <span class='ocrx_word' id='word_1_271' title='bbox 811 2817 1080 2862; x_wconf 78' lang='lat' dir='ltr'><strong><em>universum</em></strong></span> <span class='ocrx_word' id='word_1_272' title='bbox 1119 2813 1296 2862; x_wconf 86' lang='lat' dir='ltr'><strong><em>Chnuto</em></strong></span> <span class='ocrx_word' id='word_1_273' title='bbox 1335 2813 1569 2860; x_wconf 85' lang='lat' dir='ltr'><strong><em>scribitur.</em></strong></span> <span class='ocrx_word' id='word_1_274' title='bbox 1630 2812 1768 2872; x_wconf 83' lang='lat' dir='ltr'><strong><em>Quod</em></strong></span> <span class='ocrx_word' id='word_1_275' title='bbox 1803 2827 1875 2860; x_wconf 90' lang='lat' dir='ltr'><strong><em>re-</em></strong></span> 
     </span>
    </p>
   </div>
  </div>
 </body>
</html>
