2029 3387
326 295 329 298 ,
387 247 448 290 30
550 239 861 289 CNU'l'ONlS
901 238 1085 284 REGIS
1123 237 1339 284 GESTA.
1392 237 1569 283 [Anicii
1611 237 1679 284 ΙΙΙ.

388 375 580 421 madito!
637 373 761 430 Quid
803 371 955 418 miser
989 377 1179 433 ageret,
1217 387 1311 432 quo
1350 386 1404 417 se
1433 378 1664 432 verteret,
1704 370 1841 433 igno-

390 445 539 489 rabat.
608 441 885 486 lntentabat
919 437 1097 498 minas,
1135 444 1183 484 et
1210 438 1329 484 nihil
1357 438 1590 501 profecit,
1629 439 1840 501 sponde-

391 512 497 555 bat³
550 523 774 567 munera,
825 513 872 552 et
911 505 975 550 nil
1013 505 1231 551 lucratus
1272 504 1446 567 doluit,
1485 506 1715 567 quoniam
1770 504 1843 550 vir

390 574 692 638 apostolicus
731 589 822 618 nec
858 572 1053 619 valebat
1091 571 1236 618 minis
1274 572 1397 618 deici
1435 588 1526 619 nec
1554 572 1842 619 muneribus

388 642 533 688 flecti.
583 642 803 687 'Pandem
831 641 1126 702 desperatus
1154 638 1388 700 abcessit,
1425 646 1472 685 et
1505 639 1841 702 episcopalem

392 708 787 756 benedictionem
815 708 939 752 adeo
969 705 1172 770 sprevit,
1202 712 1249 751 ut
1278 722 1374 751 non
1392 706 1549 751 solum
1569 706 1729 769 ipsam
1745 705 1846 751 odi-

390 783 464 821 ret
490 773 905 834 benedictionem,
948 789 1123 820 verum
1160 771 1310 818 etiam
1339 771 1622 818 universam
1651 773 1848 834 fugeret

391 841 762 889 christianitatis
790 840 1099 903 religionem.
1159 839 1382 901 Namque
1410 841 1523 885 dum
1551 839 1630 885 alii
1658 839 1848 886 aeccle-

391 909 516 956 siam
556 908 825 955 christiano
862 923 1002 954 more
1042 907 1250 953 missam
1289 905 1458 953 audire
1495 906 1847 966 subintrarent,

391 977 499 1040 ipse
547 983 630 1021 aut
677 975 834 1022 saltus
880 973 1085 1020 canibus
1123 975 1180 1020 ad
1221 975 1505 1020 venandum
1545 972 1721 1033 cinxit,
1766 979 1850 1018 aut

392 1042 689 1107 quibuslibet
726 1041 835 1089 aliis
872 1040 1128 1088 vilissimis
1165 1043 1311 1088 rebus
1340 1057 1456 1088 sese
1484 1039 1761 1103 occupavit,
1799 1046 1851 1085 ut

391 1117 584 1156 tantum
625 1110 874 1156 declinare
913 1114 1087 1172 posset
1125 1110 1251 1171 quod
1289 1107 1451 1154 odivit.
1524 1106 1662 1164 Quod
1705 1105 1851 1168 Angli

395 1177 618 1223 videntes
647 1177 905 1237 dolebant,
945 1177 1032 1222 sed
1069 1175 1180 1237 quia
1209 1175 1341 1220 hunc
1368 1173 1457 1220 sibi
1485 1190 1657 1237 regem
1687 1173 1851 1235 elege-

392 1250 519 1306 rant,
546 1244 677 1291 hunc
704 1245 1007 1290 erubuerunt
1023 1242 1243 1303 deicere,
1272 1241 1480 1304 ideoque
1497 1242 1852 1304 disposuerunt

393 1313 525 1358 hunc
552 1310 642 1357 sibi
670 1326 845 1373 regem
874 1308 1124 1356 finetenus
1153 1325 1283 1355 esse.

496 1380 538 1426 ¹2.
602 1378 812 1425 Domina
850 1385 1017 1425 autem
1056 1376 1229 1439 regina
1266 1377 1441 1423 Emma
1478 1374 1626 1421 tacite
1666 1373 1851 1421 exitum

395 1444 466 1490 rei
505 1448 852 1508 exspectabat,
892 1452 939 1491 et
974 1443 1335 1508 aliquantisper
1371 1441 1579 1489 sollicita
1618 1441 1851 1488 auxilium

395 1511 484 1558 Dei
522 1512 698 1558 cotidie
739 1515 986 1559 exorabat.
1059 1513 1120 1558 At
1158 1511 1238 1557 ille
1275 1511 1430 1570 clam,
1474 1508 1585 1572 quia
1634 1511 1853 1555 nondum

398 1579 562 1642 palam
591 1581 821 1640 audebat,
859 1579 1065 1642 reginae
1092 1578 1295 1624 insidias
1325 1576 1642 1638 moliebatur,
1689 1578 1777 1623 sed
1806 1582 1857 1622 ut

399 1646 464 1692 illi
494 1653 716 1708 noceret,
744 1663 769 1692 a
799 1647 998 1693 nemine
1025 1645 1419 1709 permittebatur.
1468 1644 1607 1691 Unde
1635 1643 1716 1690 ille
1745 1658 1857 1689 cum

399 1713 501 1761 suis
551 1713 800 1776 malignob
850 1712 1128 1776 excogitato
1171 1711 1401 1775 consilio,
1440 1718 1582 1758 natos
1627 1710 1858 1757 dominae

400 1797 522 1827 suae
574 1782 772 1829 volebat
819 1779 1127 1841 interficere,
1176 1787 1227 1825 ut
1263 1779 1335 1826 sic
1373 1795 1581 1826 securus
1620 1777 1857 1839 deinceps

400 1848 447 1893 in
477 1849 694 1911 peccatis
724 1848 896 1897 vivens
926 1854 1343 1912 possetregnare.
1384 1848 1738 1895 Verumtamen
1757 1842 1861 1889 nul-

401 1916 502 1961 lum
529 1915 575 1960 in
605 1916 698 1963 hoc
726 1915 1025 1964 omnimodis
1054 1916 1290 1963 effectum
1317 1915 1585 1980 acciperet,
1612 1911 1706 1962 nisi
1732 1911 1861 1963 frati·-

403 1982 716 2030 dulentorum
746 1982 854 2028 dolo
878 1983 1090 2045 adiutus,
1118 1984 1212 2030 hoc
1239 1985 1365 2046 quod
1394 1983 1705 2030 narrabimus
1728 1983 1860 2029 adin-

403 2049 609 2097 veniret.
649 2051 872 2114 Namque
896 2051 1005 2097 dolo
1022 2058 1239 2113 reperto,
1267 2051 1384 2098 fecit
1400 2050 1725 2115 epistolamin
1753 2065 1862 2114 per-

405 2134 527 2164 sona
567 2117 770 2180 reginae
810 2119 870 2164 ad
904 2116 1033 2164 filios
1061 2117 1304 2180 eiusdem,
1342 2118 1422 2181 qui
1450 2119 1496 2166 in
1524 2117 1863 2165 Nordmannia

406 2187 771 2246 morabantur0,
799 2201 1119 2249 componere,
1149 2185 1285 2231 cuius
1313 2185 1462 2234 etiam
1491 2186 1861 2250 exemplarnon

408 2251 544 2312 piget
571 2251 711 2298 nobis
741 2255 1062 2300 subnectere:

508 2318 551 2363 3.
614 2319 784 2366 Emma
818 2324 1001 2366 tantum
1038 2319 1225 2365 nomine
1258 2321 1439 2382 reyina,
1476 2320 1580 2377 filiis
1606 2319 1864 2367 Aeduardo

407 2387 451 2428 et
474 2382 658 2439 AIfritlo
695 2391 914 2434 materna
949 2387 1153 2448 impertit
1176 2385 1486 2433 salutamina.
1536 2387 1657 2433 Dum
1686 2387 1866 2434 domini

407 2454 558 2497 nostri
598 2455 723 2514 reyis
763 2455 938 2500 obitum
981 2453 1240 2514 separatim
1274 2453 1560 2515 planyimus,
1597 2454 1677 2510 filii
1711 2455 1866 2501 karis-

407 2519 528 2578 simi,
567 2519 768 2582 domique
803 2521 1002 2567 diatimd
1036 2520 1192 2581 rnayis
1227 2522 1472 2582 mayisque
1509 2536 1654 2581 rayno
1688 2521 1867 2566 heredi-

410 2587 521 2631 †(1z‘is
566 2592 750 2633 vestrae
793 2589 1070 2648 privamini,
1116 2588 1265 2632 miror
1297 2588 1407 2648 quid
1442 2589 1638 2647 captetis
1672 2587 1867 2648 consilii,

411 2652 518 2699 demi
556 2655 716 2700 sciatis
751 2655 1112 2701 litteratissimis
1150 2657 1334 2700 vestrae
1372 2654 1597 2701 dilatione
1633 2655 1869 2701 invasoris

409 2743 439 2824 ii)
463 2742 694 2787 Expendcbat
716 2746 794 2780 edd.
868 2745 901 2790 b)
925 2744 1047 2791 iniquo
1070 2745 1105 2780 2.
1130 2746 1207 2781 edd.
1290 2744 1320 2789 c)
1345 2731 1570 2778 morabamur
1591 2745 1626 2780 2.
1708 2746 1741 2790 d)
1765 2745 1869 2778 diae-

426 2804 471 2825 nn
496 2803 586 2827 corr.
