2029 3387
431 266 493 313 24
601 263 910 314 CNUTONIS
948 263 1132 312 REGIS
1171 264 1386 312 GESTA.
1448 265 1626 312 LIBER
1667 267 1719 312 ll.

310 402 579 462 1⁰¹7-quam
618 395 821 443 alterius
861 394 1084 458 coniugis
1112 395 1265 441 filium
1294 403 1407 459 post
1434 413 1487 443 se
1515 413 1728 460 regnare
1758 398 1886 444 face-

337 1952 404 1988 Iul.

429 471 507 510 ret
532 463 624 510 nisi
654 463 778 524 eius,
816 462 856 508 si
892 463 1018 508 forte
1044 461 1110 507 illi
1135 462 1269 508 Deus
1298 479 1356 507 ex
1386 479 1444 510 eo
1471 463 1622 510 filiurn
1651 463 1885 511 dedisset.

429 532 695 577 Dicebatur
735 529 865 575 enim
906 531 964 575 ab
993 529 1085 574 alia
1114 530 1326 591 quadam
1355 545 1438 575 rex
1468 529 1593 576 tilios
1621 531 1884 592 habuisse3

430 599 558 644 unde
585 597 664 642 illa
693 595 796 642 suis
824 594 1392 658 prudenterprovidens,
1420 596 1697 660 scivitipsis
1714 597 1884 660 sagaci

429 664 594 710 animo
622 663 879 726 profutura
905 661 1241 724 preordinare.
1290 660 1478 708 Placuit
1505 678 1623 725 ergo
1651 663 1757 726 regi
1778 679 1884 709 ver-

427 733 545 776 bum
572 728 845 791 virginis¹⁹7
884 735 962 774 et⁸
999 727 1282 773 iusiurando
1321 728 1449 773 facto
1488 729 1663 791 virgini
1703 729 1885 792 placuit

427 797 658 842 voluntas
698 794 859 857 regis3
910 801 956 840 et
994 795 1066 841 sic
1101 794 1205 840 Deo
1246 793 1433 856 gratias
1471 795 1669 841 domina
1706 798 1882 843 Emma

428 863 692 909 mulierum
739 860 1048 907 nobilissima
1095 859 1150 906 fit
1195 860 1407 906 coniunx
1454 861 1588 924 regis
1626 862 1882 910 fortissimi

428 930 682 977 Cnutonis.
740 929 970 974 Letatur¹‘
998 927 1172 989 Gallia,
1209 928 1390 974 letatur
1425 927 1572 974 etiam
1605 928 1879 990 Anglorum

428 997 602 1060 patria,
633 997 748 1042 dum
776 1001 969 1040 tantum
995 996 1146 1040 decus
1174 993 1512 1041 transvehitur
1537 1011 1625 1057 per
1651 1011 1881 1058 aequora.

424 1064 645 1125 Letatur⁷
672 1062 893 1124 inquam,
920 1060 1076 1107 Gallia
1101 1067 1289 1106 tantam
1317 1067 1453 1106 tanto
1476 1061 1580 1123 regi
1603 1061 1802 1124 dignam
1826 1077 1881 1108 se

426 1130 647 1190 enixam3
689 1129 959 1191 Anglorum
985 1143 1104 1174 vero
1130 1127 1312 1173 letatur
1337 1127 1511 1191 patria7
1547 1128 1697 1174 talem
1726 1144 1780 1175 se
1807 1144 1882 1175 re·

425 1197 621 1259 cepisse
644 1196 690 1240 in
713 1195 906 1257 oppida.
952 1194 992 1241 Ο
1014 1210 1094 1241 res
1115 1194 1327 1240 millenis
1352 1194 1511 1241 milies
1532 1196 1715 1258 petita⁰
1738 1195 1882 1256 votis,

424 1262 603 1325 vixque
641 1264 841 1307 tandem
882 1260 1061 1306 effecta
1090 1261 1381 1323 auspicante
1408 1261 1567 1323 gratia
1593 1261 1880 1309 Salvatoris.

422 1330 527 1376 Hoc
554 1334 660 1374 erat
686 1329 814 1390 quod
842 1327 1098 1388 utrobique
1125 1327 1455 1372 vehementer
1474 1327 1572 1373 iam
1594 1329 1777 1374 dudum
1800 1329 1881 1374 de·

424 1396 733 1444 sideraverat
753 1393 1017 1455 exercitus7
1045 1392 1232 1440 scilicet
1268 1399 1321 1438 ut
1354 1400 1489 1439 tanta
1528 1400 1683 1456 tanto,
1731 1394 1879 1457 digna

424 1463 575 1511 etiam
622 1461 796 1525 digno⁷
842 1460 1053 1508 maritali
1102 1459 1446 1506 convinculata
1484 1460 1628 1523 iugo,
1672 1462 1878 1508 bellicos

424 1533 624 1577 sedaret
651 1536 829 1576 motus.
901 1528 1025 1585 Quid
1067 1527 1197 1574 enim
1227 1527 1386 1573 maius
1416 1543 1474 1573 ao
1501 1528 1876 1575 desiderabilius

423 1612 536 1643 esse
565 1603 737 1658 posset
763 1596 811 1640 in
839 1595 983 1656 votis,
1021 1611 1167 1657 quam
1207 1597 1511 1658 dampnosos
1552 1595 1877 1657 ingratosque

419 1664 616 1710 labores
655 1662 766 1708 belli
805 1661 997 1724 placida
1023 1660 1149 1706 finiri
1177 1661 1530 1724 tranquillitate
1571 1661 1726 1723 pacis7
1765 1677 1875 1722 cum

419 1746 566 1794 pares
595 1729 793 1793 paribus
823 1727 866 1773 vi
896 1727 1116 1790 corporis
1145 1727 1423 1789 virtuteque
1446 1726 1594 1772 animi
1615 1742 1877 1772 concurre-

419 1805 547 1859 rent⁷
586 1811 799 1859 cumque
825 1809 956 1840 nunc
981 1793 1031 1839 hi
1059 1809 1189 1839 nunc
1216 1809 1333 1840 vero
1360 1793 1425 1838 illi
1453 1794 1730 1840 alternante
1759 1809 1876 1840 casu

421 1864 532 1912 belli
561 1880 658 1909 non
687 1862 795 1909 sine
823 1876 1005 1924 magno
1033 1860 1328 1907 detrimento
1358 1860 1432 1907 sui
1460 1860 1748 1906 vincerent?

527 1933 597 1977 17.
652 1931 835 1975 Verum
874 1928 954 1975 ubi
992 1926 1154 1973 divina
1193 1928 1565 1990 dispensatione
1601 1926 1872 1989 multisque

421 1997 712 2044 alterutrum
749 1995 828 2041 diu
865 1994 1044 2042 habitis
1080 1993 1392 2039 internuntiis
1431 1993 1641 2039 maritali
1681 2009 1735 2040 se
1769 2000 1876 2039 tan-

421 2065 534 2111 dem
573 2062 746 2126 copula
783 2062 967 2125 placuit
993 2060 1318 2122 confederari⁷
1344 2059 1539 2106 difficile
1568 2060 1755 2107 creditu
1783 2066 1876 2122 est,

422 2137 606 2196 quanta
633 2136 841 2194 repente
867 2129 916 2174 in
943 2127 1162 2190 utrisque
1190 2127 1329 2173 alteri
1356 2129 1415 2174 de
1443 2127 1597 2175 altero
1622 2134 1792 2174 exorta
1814 2126 1878 2174 sit

421 2198 710 2262 magnitudo
738 2195 917 2260 gaudii.
982 2194 1238 2241 Gaudebat
1264 2193 1395 2240 enim
1422 2210 1526 2257 rex⁷
1554 2193 1874 2242 nobilissimis

420 2265 675 2328 insperato
704 2280 758 2311 se
785 2279 930 2311 usum
958 2261 1215 2323 thalamis3
1253 2261 1378 2308 haec
1405 2269 1572 2308 autem
1599 2261 1713 2307 hinc
1733 2274 1875 2323 prae-

422 2331 729 2378 stantissima
757 2331 935 2377 virtute
963 2329 1211 2391 coniugis3
1238 2328 1353 2374 hinc
1380 2328 1528 2375 etiam
1552 2344 1641 2391 spe
1661 2325 1875 2389 gratula-

420 2399 583 2446 bunda
631 2399 995 2444 accendebatur
1038 2396 1232 2442 futurae
1279 2395 1446 2459 prolis.
1523 2392 1874 2441 Ineffabiliterd

421 2480 616 2529 quoque
642 2470 850 2525 uterque
876 2465 1125 2526 gaudebat
1150 2462 1415 2525 exerc-itus,
1450 2477 1570 2525 opes
1598 2475 1714 2505 suas
1743 2474 1875 2504 com-

420 2533 650 2579 munibus
679 2546 888 2593 sperans
927 2531 1184 2592 augendas
1222 2529 1424 2590 viribus,
1462 2536 1513 2573 ut
1548 2526 1618 2572 rei
1654 2531 1876 2588 postmo-

420 2602 534 2646 dum
556 2597 781 2663 probavit
801 2596 974 2643 exitus.
1002 2596 1161 2652 Quam
1186 2597 1352 2660 plures
1376 2595 1505 2641 enim
1521 2591 1688 2656 populi
1705 2591 1875 2639 domiti

422 2690 453 2733 a)
482 2691 581 2725 deest
605 2689 640 2722 2.
717 2687 751 2730 b)
777 2686 928 2721 letaetur
947 2686 975 2719 1.
1053 2686 1083 2730 c)
1111 2693 1232 2731 parata
1249 2687 1326 2720 edd.
1403 2686 1438 2727 d)
1468 2682 1779 2718 maestimabiliter
1793 2683 1873 2718 edd.

425 2751 489 2801 19]
529 2762 636 2801 quae
678 2744 834 2788 scilicet
870 2759 919 2784 ex
950 2745 1089 2797 priore
1121 2747 1268 2784 mai-ilo
1292 2743 1516 2783 Elbelredo
1539 2742 1587 2781 ll.
1620 2742 1873 2788 Aelfredum,

421 2804 697 2844 Aedwardum
722 2809 760 2843 et
783 2802 885 2841 filias
908 2806 1119 2853 genuerat,
1152 2802 1223 2840 sed
1256 2800 1396 2838 viridis
1429 2799 1564 2838 adbuc
1595 2799 1741 2838 aetatis
1773 2804 1873 2836 orm.
