2044 3418
697 937 1102 991 PRAEFATIO.

174 1125 317 1199 Aeci
353 1151 500 1198 Sulici
534 1151 738 1197 historiis
776 1149 954 1196 addere
986 1149 1143 1211 placet
1176 1151 1344 1197 librum
1390 1166 1539 1211 nuper
1581 1151 1626 1196 in

173 1220 335 1264 itinere
355 1219 632 1264 Britannico
659 1218 956 1276 exscriptum,
983 1221 1026 1262 et
1048 1218 1181 1264 cuius
1201 1218 1456 1279 praecipue
1475 1232 1628 1263 causa

174 1284 385 1331 Scotiam
435 1285 664 1331 adieram.
722 1283 955 1344 Leyeram
998 1284 1225 1346 siquidem
1268 1285 1315 1330 in
1351 1283 1627 1345 Repertorio

173 1351 544 1412 biblioyraphico
572 1349 771 1397 Londim‘
806 1365 849 1395 a.
882 1350 1007 1398 1819
1040 1367 1069 1396 α
1104 1350 1341 1397 Wilhelmo
1370 1350 1539 1397 Clarke
1578 1351 1625 1396 in

172 1420 224 1465 8⁰
251 1418 374 1465 edito
398 1435 442 1478 p.
472 1420 567 1467 257
592 1434 688 1479 sqq.
715 1418 760 1462 in
787 1416 1064 1463 bibliotheca
1091 1416 1384 1464 Marchiom's
1410 1416 1466 1463 de
1491 1416 1622 1463 Dou-

174 1484 282 1547 9las
315 1489 359 1531 et
384 1484 659 1545 Clydesdale
693 1482 901 1530 codicem
929 1483 1094 1529 haberi
1120 1483 1176 1530 de
1204 1484 1427 1531 Cautouis
1454 1483 1623 1544 Maqni

177 1553 334 1614 (lestis,
374 1549 573 1598 Emmae
606 1551 798 1612 reqinae
833 1550 1037 1597 dicatum
1072 1554 1117 1596 et
1145 1551 1335 1612 pictura
1368 1550 1592 1596 illustrem
1603 1568 1623 1610 ,-

173 1620 307 1666 cuius
342 1618 582 1665 evolvendi
614 1622 657 1663 et
679 1619 726 1662 in
752 1632 866 1663 usus
891 1621 1080 1663 nostros
1104 1616 1406 1664 convertendi
1431 1618 1621 1676 copiam

171 1689 426 1747 postquam
460 1684 767 1731 intercedente
799 1684 1142 1745 yratiosissime
1168 1683 1444 1730 Marchione
1469 1683 1621 1730 Lans-

171 1751 343 1799 dowm'i
378 1756 548 1798 nactus
583 1767 732 1812 eram,
772 1767 801 1796 a
836 1765 1110 1811 possessore
1146 1749 1252 1796 libri
1283 1749 1413 1796 Duce
1437 1749 1621 1796 Hamil-

173 1820 287 1865 tonii
311 1823 355 1864 et
379 1818 630 1864 Brandoui
653 1818 877 1864 invitatus
901 1818 1084 1863 ineunte
1109 1832 1266 1863 mense
1286 1816 1549 1876 Septembri
1574 1834 1621 1863 a.

175 1885 301 1934 1862
327 1885 673 1931 Hamiltoniam
699 1884 840 1931 adivi.
897 1883 980 1931 Ubi
1003 1884 1175 1945 insiqni
1198 1883 1519 1943 hospitalitate
1545 1898 1602 1929 ex

171 1956 346 2013 ceptus,
371 1952 517 2005 libros
543 1950 846 1998 bibliothecae
871 1949 1146 2012 splendidae
1167 1951 1517 2011 manuscriptos
1534 1965 1621 2011 per

170 2018 363 2065 biduum
389 2019 602 2078 lustravi,
639 2022 779 2079 atque
810 2018 1122 2078 praecipuam
1151 2032 1346 2078 operam
1373 2018 1421 2063 in
1446 2017 1619 2063 exscri-

169 2085 320 2132 bendo
357 2086 520 2133 codice
551 2086 776 2132 historico
814 2085 870 2131 de
904 2099 992 2146 quo
1025 2083 1101 2130 hic
1133 2085 1293 2146 ayitur
1325 2085 1478 2144 posui.
1536 2083 1622 2130 Est

167 2153 288 2199 enim

308 2220 359 2279 1)
395 2218 788 2266 membranaceus
822 2217 1075 2277 seoeayinta
1109 2232 1193 2264 sex
1223 2215 1449 2272 foliorum
1486 2218 1532 2262 in
1565 2218 1617 2262 8⁰

168 2284 362 2334 saeculo
389 2285 665 2333 duodecimo
696 2286 879 2331 ineunte
926 2284 1233 2345 conscriptus,
1281 2282 1428 2330 Liber
1460 2282 1618 2330 sancti

167 2352 431 2415 Augustini
456 2351 846 2414 Cantuariensis⁷
871 2354 915 2396 et
936 2366 1084 2396 mame
1109 2352 1207 2397 eius
1224 2351 1448 2412 temporis
1466 2349 1621 2397 Gesta

169 2419 409 2467 Cnutonis
436 2420 497 2468 M.
524 2421 789 2480 inscriptus.
847 2417 904 2464 At
944 2417 1064 2464 libro
1100 2417 1283 2464 evoluto
1319 2422 1364 2463 et
1395 2419 1619 2463 attentius

165 2491 426 2549 perspecto,
462 2503 557 2534 non
593 2486 736 2533 modo
770 2485 889 2532 idem
926 2486 1155 2545 apparuit
1187 2499 1306 2545 opus
1330 2483 1458 2545 quod
1482 2483 1619 2531 Ches—

169 2555 274 2600 nius
317 2555 436 2600 inter
475 2553 718 2601 Historiae
752 2552 1143 2599 Normannorum
1176 2550 1444 2611 Scriptores
1490 2566 1617 2597 (enno

175 2621 299 2668 1619
320 2621 405 2666 sub
427 2621 558 2668 titulo
582 2619 875 2666 Encomium
901 2618 1109 2665 Emmae
1137 2617 1343 2680 reginae
1365 2617 1616 2679 evulqavit,

168 2685 253 2734 sed
285 2702 391 2733 vere
423 2689 520 2749 ipse
551 2687 701 2734 codex
731 2687 862 2733 cuius
889 2685 1222 2747 apoqraphum
1249 2684 1473 2731 Chesnius
1497 2685 1618 2745 typis

169 2754 418 2815 expressit,
454 2770 677 2816 quemque
713 2752 877 2800 exiride
913 2767 1058 2813 usque
1096 2752 1161 2798 ad
1194 2755 1362 2797 nostra
1399 2755 1617 2812 tempora

167 2820 362 2868 latuisse
396 2824 443 2867 et
464 2823 721 2869 maximum
749 2819 945 2867 Francis
970 2818 1103 2867 haud
1126 2834 1258 2866 secus
1286 2834 1344 2866 ac
1373 2818 1618 2865 Britannis
