2044 3418
423 752 777 809 CNUTONIS
820 753 1033 808 REGIS
1081 754 1311 809 GESTA

144 831 342 886 SIVE
386 833 839 886 ENCOMIUM
885 833 1177 885 EMMAE
1219 833 1594 887 REGINAE

193 910 519 964 AUCTORE
564 910 908 964 MONACHO
957 910 1215 964 SANCTI
1260 911 1556 964 BERTINI.

551 1051 774 1100 INCIPIT
814 1051 1146 1099 PROLOGUS
1161 1059 1191 1098 ².

246 1142 392 1190 Salus
417 1143 497 1189 tibi
521 1144 580 1190 sit
605 1159 636 1190 a
662 1143 852 1190 domino
873 1143 977 1189 Iesu
998 1143 1194 1204 Christo,
1221 1159 1248 1190 ο
1270 1145 1452 1205 reyina,
1478 1159 1600 1206 quae

145 1210 361 1257 omnibus
385 1211 430 1255 in
457 1209 544 1256 hoc
569 1226 683 1256 sexu
705 1211 871 1271 positis
892 1214 1081 1270 prestas
1106 1226 1289 1256 morum
1317 1211 1557 1271 eliyantia.

246 1276 349 1338 qu
375 1292 538 1323 servas
574 1280 682 1323 tuas
715 1277 948 1323 nobilitati
984 1280 1093 1322 tuae
1130 1277 1273 1339 diyna
1311 1279 1454 1332 factis
1488 1279 1601 1324 meis

147 1341 360 1390 exhibere
385 1359 578 1406 nequeo,
605 1359 786 1406 qaoque
808 1347 952 1404 pacto
974 1343 1124 1390 verbis
1143 1344 1309 1390 saltem
1331 1343 1396 1390 illi
1410 1344 1601 1405 placere

143 1410 321 1472 possim
348 1412 519 1457 nescio.
585 1410 722 1468 Quod
745 1412 863 1456 enim
891 1409 1132 1456 cuiuslibet
1154 1412 1351 1471 peritiae
1375 1410 1604 1473 loquentis

149 1476 206 1523 de
230 1480 272 1523 te
298 1478 445 1523 virtus
464 1480 548 1523 tua
566 1478 808 1538 preminet,
835 1476 1050 1523 omnibus
1070 1482 1100 1522 α’
1119 1478 1284 1538 quibas
1304 1479 1605 1539 coynosceris

147 1545 250 1604 ipso
276 1543 389 1590 solis
413 1543 578 1590 iubare
603 1543 780 1590 clarius
804 1543 937 1590 Iacet.
991 1543 1048 1588 Te
1077 1545 1219 1605 iyitur
1243 1560 1360 1605 erqa
1386 1559 1457 1590 me
1483 1543 1604 1591 adeo

149 1609 261 1656 bene
286 1611 504 1657 meritam
530 1611 836 1672 maqnifacio,
874 1614 924 1656 at
955 1612 1097 1656 morti
1126 1610 1388 1672 intrepidus
1418 1626 1605 1658 occum-

150 1676 321 1737 berem,
355 1678 396 1723 si
431 1678 477 1722 in
511 1692 608 1722 rem
644 1677 725 1723 tibi
747 1678 993 1738 provenire
1019 1676 1271 1723 crederem.
1312 1677 1415 1735 Qua
1448 1693 1504 1724 ex
1539 1694 1604 1739 re,

149 1741 261 1789 mihi
297 1743 440 1790 etiam
477 1746 528 1788 ut
560 1745 785 1805 precipis,
832 1744 1108 1790 memoriam
1145 1760 1303 1790 rerum
1347 1748 1605 1806 qestarum,

151 1824 308 1856 rerum
329 1811 523 1871 inquam
543 1813 622 1855 tuo
637 1814 916 1873 tuorumque
930 1809 1100 1856 honori
1114 1812 1424 1873 attinentium,
1445 1811 1608 1859 litteris

150 1877 265 1923 meis
286 1877 555 1938 posteritati
579 1876 814 1923 mandare
839 1878 1016 1938 yesti05
1042 1877 1125 1923 sed
1145 1877 1212 1924 ad
1228 1877 1316 1924 hoc
1333 1878 1606 1933 faciendum

151 1958 224 1989 me
257 1942 369 1990 mihi
399 1943 615 1999 sufficere
642 1959 785 2005 posse
820 1943 993 1990 dubito.
1044 1942 1147 1990 Hoc
1180 1945 1298 1990 enim
1331 1945 1377 1990 in
1408 1944 1607 1992 historia

151 2010 398 2072 proprium
432 2010 647 2070 exiyitar,
683 2014 734 2056 ut
766 2009 893 2057 nullo
920 2011 1098 2057 erroris
1123 2011 1395 2057 diverticulo
1424 2027 1454 2058 a
1480 2016 1608 2059 recto

153 2077 364 2124 veritatis
388 2077 577 2122 tramite
603 2076 857 2124 declinetur
865 2095 884 2136 ,-
909 2078 1130 2139 quoniam
1157 2092 1261 2124 cum
1288 2080 1390 2139 quis
1411 2079 1610 2126 alicuius

154 2146 289 2205 yesta
313 2143 522 2191 scribens
547 2144 733 2190 veritati
754 2143 885 2199 falsa
913 2143 1147 2206 quaedam
1168 2160 1250 2191 seu
1268 2145 1490 2205 errando,
1516 2148 1612 2192 sive

155 2213 206 2256 ut
222 2224 329 2271 sepe
347 2212 401 2268 fit
415 2213 615 2257 ornatus
633 2212 811 2272 qratia,
838 2211 1084 2270 interserit,
1106 2212 1322 2272 profecto
1350 2213 1489 2259 unius
1507 2217 1612 2259 tan-

158 2280 255 2323 tum
282 2280 527 2338 comperta
550 2276 841 2324 admixtione
860 2277 1100 2339 mendatii,
1123 2277 1317 2324 auditor
1333 2279 1469 2334 facta
1491 2279 1614 2326 velut

158 2344 332 2399 infecta
380 2343 520 2390 dacii.
588 2343 716 2391 Unde
753 2343 988 2391 historicis
1022 2360 1311 2406 maynopere
1348 2345 1612 2393 cavendum

159 2425 259 2456 esse
303 2426 492 2470 censeo,
539 2425 595 2455 ne
636 2411 823 2457 veritati
854 2411 1132 2472 quibusdam
1164 2411 1293 2466 falso
1330 2413 1615 2474 interpositis

160 2479 328 2523 contra
355 2477 523 2536 eundo,
549 2492 718 2524 nomen
743 2478 882 2524 etiam
905 2477 1081 2539 perdat
1098 2477 1225 2541 quod
1243 2478 1424 2526 videtur
1441 2479 1616 2526 habere

162 2558 218 2589 ex
244 2544 406 2599 offitio.
450 2543 540 2590 Res
566 2545 684 2589 enim
712 2545 913 2604 veritati,
940 2546 1115 2592 veritas
1140 2560 1322 2607 quoque
1339 2546 1476 2603 fidem
1496 2547 1616 2609 facit

162 2610 230 2656 rei
239 2610 272 2655 ι’.
297 2609 396 2656 Hec
416 2625 595 2657 mecum
618 2610 807 2673 aliaque
819 2610 1088 2658 huiusmodi
1100 2627 1173 2658 me
1188 2616 1448 2674 reputante,
1470 2612 1617 2659 rubor

162 2677 372 2722 animam
399 2676 686 2724 vehementer
710 2678 964 2739 excruciat,
1000 2694 1103 2725 curn
1138 2679 1321 2740 pariter
1351 2679 1615 2738 considero,

163 2765 195 2810 a)
218 2766 390 2850 palmo-qus¹
409 2769 443 2801 et
467 2771 702 2813 aryumentum
729 2770 854 2804 desunt
877 2768 914 2803 2.
1007 2768 1040 2814 b)
1068 2767 1139 2803 Res
1165 2779 1273 2815 usque
1300 2769 1352 2804 rei
1379 2771 1446 2804 iam
1474 2770 1617 2805 deside-

162 2824 228 2849 ran
268 2824 347 2849 rm
397 2837 408 2849 .
