2044 3418
294 308 603 357 CNUTONlS
642 306 823 354 REGIS
861 306 1074 354 GESTA.
1135 305 1314 353 LIBER
1353 305 1405 351 ll.
1507 305 1565 351 ‘21

125 443 216 503 ria,
254 441 483 488 interdum
513 441 572 486 ab
597 442 787 496 fortiori
818 440 947 486 hoste
983 439 1105 485 elabi
1139 440 1273 499 fuya,
1311 440 1385 485 cui
1419 437 1691 499 nequitwffi.

123 510 276 555 resisti
297 523 382 568 per
408 523 564 552 arma.
605 508 773 552 Omnes
799 509 916 551 enim
944 507 1021 566 qui
1047 505 1276 550 adsumus
1299 504 1419 564 proh
1435 503 1573 550 dolor

119 575 354 635 fuyimus5
388 573 473 619 sed
507 589 562 618 ne
594 573 666 619 tu'c
691 588 834 618 casus
860 572 990 617 vohis
1014 572 1193 617 eveniat
1218 571 1425 629 ulterius,
1464 570 1571 616 desc-

121 644 225 686 tras
250 639 404 686 Danis
430 640 605 685 demus.
635 643 682 684 ut
706 640 833 699 ipsos
857 637 1131 692 foederatos
1156 638 1379 683 habentes
1402 637 1569 697 fuyam

117 705 467 767 periculumque
493 707 717 751 bellorum
744 706 810 751 sic
835 703 999 750 saltem
1023 703 1316 749 declinemus.
1354 701 1570 747 Attamen

120 771 209 818 hoc
234 771 371 818 aliter
397 774 550 833 nequit
572 773 673 828 fieri
699 772 786 817 nisi
811 770 1033 816 divisione
1060 769 1365 830 reyninostri.
1406 767 1466 812 Et
1479 783 1569 813 me-

119 838 208 884 tius
245 853 344 884 esse
380 839 548 894 iudico,
588 841 639 882 ut
672 836 963 882 medietatem
1002 838 1132 896 reyni
1168 851 1251 881 rea:
1281 839 1441 880 noster
1466 849 1569 880 cum

116 920 237 966 pace
262 903 452 963 habeat,
480 919 619 965 quarn
647 907 790 949 totum
814 904 1000 963 pariter
1025 903 1193 948 invitus
1219 902 1420 946 amittat.

225 972 298 1018 13.
344 970 529 1016 Placuit
559 985 724 1016 sermo
763 967 1098 1031 optimatibus,
1137 975 1184 1014 et
1220 967 1336 1013 licet
1371 966 1571 1027 invitus,

120 1036 216 1082 hoc
236 1043 405 1083 tamen
427 1035 597 1082 annuit
615 1036 988 1095 Aedmundus⁸3
1017 1033 1289 1096 electisque
1317 1033 1571 1079 internun-

119 1101 218 1164 tiis,
256 1102 492 1166 premittit
519 1103 576 1148 ad
604 1118 758 1148 naves
787 1100 1044 1162 Cnutonis⁷
1081 1100 1161 1164 qui
1194 1102 1392 1147 dextras
1419 1100 1570 1146 Danis

121 1169 240 1215 dent
275 1175 325 1214 et
362 1168 606 1231 accipiant
642 1171 700 1215 ab
739 1168 826 1216 eis.
898 1168 1035 1224 Quos
1075 1167 1153 1214 ubi
1192 1167 1407 1230 primuni
1445 1165 1570 1212 Dani

120 1235 381 1282 venientes
408 1235 675 1294 intuentur7
703 1235 1040 1298 exploratores
1068 1249 1154 1280 eos
1177 1249 1292 1281 esse
1315 1233 1573 1296 suspicatin

120 1307 209 1348 tur.
290 1301 386 1349 Sed
434 1308 698 1365 postquam
745 1301 947 1364 propius
986 1317 1073 1347 eos
1112 1301 1277 1347 vident
1314 1302 1572 1360 accedere,

119 1368 373 1415 accersitis
402 1369 472 1415 eis
500 1369 731 1431 quidnam
763 1367 1066 1431 quaesierint
1091 1367 1188 1413 orsi
1212 1367 1570 1429 suntrogitare.

117 1434 382 1481 Discentes
429 1451 547 1482 vero
596 1438 653 1481 ab
703 1435 773 1481 eis
822 1450 908 1498 pro
958 1434 1262 1480 conficienda
1311 1449 1434 1496 pace
1482 1448 1570 1478 eos

119 1501 308 1561 venire,
328 1501 541 1548 letantes
565 1517 651 1547 eos
677 1501 858 1548 sistunt
876 1501 1224 1564 conspectibus
1246 1500 1405 1561 regis3
1431 1504 1572 1544 erant

120 1568 252 1614 enini
280 1567 457 1614 obnixe
483 1574 711 1630 optantes
739 1584 978 1630 prospera
1009 1567 1163 1629 pacis,
1199 1567 1296 1612 iam
1327 1564 1445 1611 lassi
1474 1564 1571 1612 bel-

119 1634 281 1681 lorum
322 1641 370 1680 et
404 1633 773 1681 continuatione
809 1633 1152 1695 navigationis.
1226 1632 1363 1678 Tunc
1412 1631 1570 1691 missi7

118 1716 239 1764 rege
274 1700 480 1765 pacifice
513 1701 751 1748 salutato:
790 1700 1020 1747 Miserunt
1051 1716 1137 1747 nos
1172 1698 1396 1763 inquiunt
1423 1699 1489 1745 ad
1513 1704 1569 1756 te,

117 1783 145 1814 ο
183 1783 279 1829 rex,
315 1770 534 1830 princeps
569 1772 728 1815 noster
763 1772 808 1814 et
838 1783 1086 1829 procerum
1124 1772 1394 1814 nostrormn
1421 1765 1571 1811 niulti-

116 1833 248 1894 tudo,
276 1839 329 1880 ut
351 1836 617 1881 consentias
644 1836 707 1880 eis
734 1834 789 1880 cte
812 1850 946 1894 pace,
986 1839 1027 1879 et
1064 1834 1189 1879 datis
1225 1833 1358 1878 nobis
1394 1831 1571 1877 dextris

117 1904 162 1945 et
186 1899 440 1959 obsidibus,
469 1916 497 1944 a
524 1901 658 1945 nobis
682 1900 870 1944 itidemb
895 1901 1098 1959 recipias
1123 1914 1225 1944 cum
1253 1896 1571 1958 reynimedie-

118 1969 228 2011 tate.
267 1964 529 2011 Dominare
553 1967 599 2010 in
627 1965 857 2011 australi⁰
876 1969 1017 2025 parte
1032 1980 1134 2010 cum
1151 1965 1313 2024 quiete,
1340 1979 1362 2010 e
1381 1964 1570 2025 reyione

118 2034 274 2076 autem
321 2032 385 2078 sit
425 2035 584 2078 noster
628 2029 930 2077 Aedmundus
972 2032 1017 2076 in
1063 2031 1232 2088 finibus
1275 2029 1570 2076 meridianae

113 2096 305 2158 playae.
363 2097 517 2144 Huius
541 2099 609 2145 rei
632 2099 793 2160 qratia
821 2097 952 2144 ad'te
975 2113 1138 2144 sumus
1172 2097 1337 2160 leyati5
1374 2101 1422 2142 tu
1459 2111 1569 2142 vero

117 2163 230 2209 bene
253 2163 436 2218 faciens
452 2164 629 2225 placito
652 2166 861 2212 consenti
869 2183 886 2224 ‚-
914 2164 1120 2227 alioquin
1142 2164 1246 2211 licet
1264 2166 1410 2211 simus
1429 2162 1573 2208 semel

117 2234 163 2276 et
183 2230 349 2276 iterum
377 2245 406 2275 a
435 2231 562 2278 uobis
588 2231 704 2278 bello
733 2231 983 2292 deturbati,
1022 2231 1178 2277 adhuc
1213 2236 1371 2277 tamen
1397 2229 1571 2274 maiori

118 2295 338 2344 violentia
364 2296 699 2344 roborabimur
722 2299 956 2345 vobiscum
984 2297 1213 2344 bellaturi.
1267 2294 1457 2352 Quibus
1482 2310 1571 2341 rex

117 2379 216 2410 non
255 2368 446 2408 temere
482 2364 761 2427 respondit,
811 2365 898 2411 sed
934 2364 1056 2426 ipsis
1092 2362 1269 2410 amotis
1307 2360 1569 2408 consilium

118 2446 145 2476 a
172 2428 275 2477 suis
304 2429 565 2492 quaesivit,
602 2437 649 2476 et
682 2431 752 2478 sic
778 2433 848 2478 eis
875 2432 1194 2494 postmodum
1222 2427 1428 2491 pacifice
1455 2443 1569 2474 con-

118 2495 290 2544 sensit.
336 2495 571 2542 Audierat
585 2497 714 2543 enim
733 2514 757 2543 a
787 2498 907 2559 suis7
935 2499 1064 2561 quod
1093 2495 1227 2541 inulti
1257 2510 1460 2541 suorum
1488 2496 1569 2541 ‹le-

115 2563 372 2623 fecissent,
399 2578 491 2609 nec
518 2569 623 2609 erat
649 2564 728 2626 qni
756 2564 918 2610 locuni
947 2562 1260 2609 morientium
1292 2563 1568 2624 suppleret,

117 2645 229 2676 curn
266 2629 416 2691 longe
443 2628 650 2674 remotid
687 2646 712 2675 a
743 2631 938 2694 propria
964 2630 1119 2693 patria
1150 2634 1335 2675 essent.
1384 2628 1566 2690 Anglo-

114 2711 223 2742 rum
263 2711 459 2760 quoque
497 2711 798 2758 quamquain
837 2695 1122 2761 perplurimi
1153 2694 1565 2755 interficerentur,

115 2796 393 2880 abnegandus
423 2796 454 2831 1.
568 2796 603 2843 b)
637 2796 813 2831 interdum
849 2799 883 2833 2.
997 2800 1029 2842 c)
1066 2796 1199 2831 boreali
1237 2797 1316 2831 edd.
1430 2796 1464 2842 d)
1493 2802 1565 2831 tum

113 2855 135 2879 a
186 2856 196 2880 ι
263 2872 271 2881 .
